{"gold_per_floor":[15,27,27,39,56,82,82,102,149,181,193,211,211,224,224,224],"floor_reached":16,"playtime":731,"items_purged":[],"score":257,"play_id":"ef25b47c-69d6-44dd-ba31-440226ba0d32","local_time":"20240118204036","is_ascension_mode":true,"campfire_choices":[{"data":"Feel No Pain","floor":7.0,"key":"SMITH"},{"data":"Flex","floor":13.0,"key":"SMITH"},{"data":"Anger","floor":15.0,"key":"SMITH"}],"neow_cost":"NO_GOLD","seed_source_timestamp":522210545400,"circlet_count":0,"master_deck":["AscendersBane","Strike_R","Strike_R","Strike_R","Strike_R","Defend_R","Defend_R","Defend_R","Defend_R","Bash","Feed","Anger+1","Feel No Pain+1","Second Wind","Reckless Charge","Power Through","Burning Pact","Flex+1"],"special_seed":0,"relics":["Burning Blood","Pantograph","Oddly Smooth Stone","Singing Bowl"],"potions_floor_usage":[16,16],"damage_taken":[{"damage":7.0,"enemies":"Cultist","floor":1.0,"turns":4.0},{"damage":1.0,"enemies":"Small Slimes","floor":2.0,"turns":4.0},{"damage":4.0,"enemies":"2 Louse","floor":4.0,"turns":3.0},{"damage":35.0,"enemies":"Large Slime","floor":5.0,"turns":10.0},{"damage":27.0,"enemies":"3 Sentries","floor":6.0,"turns":19.0},{"damage":8.0,"enemies":"Exordium Thugs","floor":8.0,"turns":4.0},{"damage":29.0,"enemies":"Gremlin Nob","floor":10.0,"turns":4.0},{"damage":2.0,"enemies":"3 Louse","floor":11.0,"turns":8.0},{"damage":10.0,"enemies":"Exordium Wildlife","floor":12.0,"turns":7.0},{"damage":13.0,"enemies":"Gremlin Gang","floor":14.0,"turns":8.0},{"damage":11,"enemies":"Hexaghost","floor":16,"turns":9}],"seed_played":"8784378140406887986","potions_obtained":[{"floor":2.0,"key":"BlessingOfTheForge"},{"floor":8.0,"key":"BlessingOfTheForge"},{"floor":10.0,"key":"Block Potion"},{"floor":12.0,"key":"HeartOfIron"},{"floor":14.0,"key":"SpeedPotion"}],"is_trial":false,"path_per_floor":["M","M","?","M","M","E","R","M","T","E","M","M","R","M","R","B"],"character_chosen":"IRONCLAD","basemod:card_modifiers":[null,null,null,null,null,null,null,null,null,null,null,null,null,null,null,null,null,null],"items_purchased":[],"campfire_rested":0,"item_purchase_floors":[],"current_hp_per_floor":[70,78,78,80,54,36,36,38,38,17,24,25,25,23,23,37],"gold":224,"neow_bonus":"THREE_RARE_CARDS","is_prod":false,"is_daily":false,"chose_seed":false,"campfire_upgraded":3,"win_rate":0,"timestamp":1705578036,"path_taken":["M","?","?","M","M","E","R","M","T","E","?","M","R","M","R","BOSS"],"build_version":"2022-12-18","purchased_purges":0,"victory":false,"max_hp_per_floor":[78,81,81,81,84,87,87,91,91,93,96,101,101,106,106,106],"relic_stats":{"Singing Bowl":6,"counters":[11,80],"Pantograph":25,"obtain_stats":[{"Singing Bowl":10,"Pantograph":6,"Oddly Smooth Stone":9,"Burning Blood":0},{"Singing Bowl":7,"Pantograph":5,"Oddly Smooth Stone":6,"Burning Blood":0},{"Singing Bowl":48,"Pantograph":40,"Oddly Smooth Stone":44,"Burning Blood":0}],"Burning Blood":60},"card_choices":[{"not_picked":["Barricade","Reaper"],"picked":"Feed","floor":0.0},{"not_picked":["Sever Soul","Wild Strike"],"picked":"Anger","floor":1.0},{"not_picked":["Twin Strike","Wild Strike"],"picked":"Feel No Pain","floor":2.0},{"not_picked":["Bloodletting","Ghostly Armor"],"picked":"Second Wind","floor":4.0},{"not_picked":["Pummel","Second Wind"],"picked":"Reckless Charge","floor":5.0},{"not_picked":["Corruption","Reckless Charge"],"picked":"Power Through","floor":6.0},{"not_picked":["Shrug It Off","Whirlwind"],"picked":"Burning Pact","floor":8.0},{"not_picked":["Clash","Dual Wield","Flex"],"picked":"Singing Bowl","floor":10.0},{"not_picked":["Twin Strike","Sword Boomerang"],"picked":"Flex","floor":11.0},{"not_picked":["Anger","Shrug It Off","Clothesline"],"picked":"Singing Bowl","floor":12.0},{"not_picked":["Warcry","Twin Strike","Uppercut"],"picked":"Singing Bowl","floor":14.0}],"player_experience":549523,"relics_obtained":[{"floor":6.0,"key":"Pantograph"},{"floor":9.0,"key":"Oddly Smooth Stone"},{"floor":10.0,"key":"Singing Bowl"}],"event_choices":[{"cards_removed":["Strike_R"],"damage_healed":0.0,"max_hp_gain":0.0,"max_hp_loss":0.0,"gold_gain":0.0,"event_name":"Bonfire Elementals","player_choice":"Offered Basic","floor":3.0,"gold_loss":0.0,"damage_taken":0.0}],"is_beta":false,"boss_relics":[],"items_purged_floors":[],"is_endless":false,"potions_floor_spawned":[2,8,10,12,14],"killed_by":"Hexaghost","ascension_level":20}