{"gold_per_floor":[111,261,336,58,76,101,101,132,185,220,238,238,248,276,276,355,355,367,367,367,26,36,69,69,84,84,84,96,107,133,133,133,208,208,222,239,257,270,290,323,323,337,337,364,364,364,154,186,186,186,186,186,186,36,65,65],"floor_reached":57,"playtime":2377,"items_purged":["Doubt","Strike_R","Hemokinesis","Defend_R"],"score":3095,"play_id":"700cec2a-b941-4dfe-8351-6b5f904b16c9","local_time":"20240118212430","is_ascension_mode":true,"campfire_choices":[{"data":"Immolate","floor":7.0,"key":"SMITH"},{"data":"Armaments","floor":12.0,"key":"SMITH"},{"data":"Offering","floor":15.0,"key":"SMITH"},{"data":"Rupture","floor":24.0,"key":"SMITH"},{"floor":27.0,"key":"REST"},{"floor":32.0,"key":"REST"},{"data":"Barricade","floor":45.0,"key":"SMITH"},{"floor":49.0,"key":"RECALL"},{"data":"Dark Embrace","floor":53.0,"key":"SMITH"}],"neow_cost":"NONE","seed_source_timestamp":1377299489200,"circlet_count":0,"master_deck":["AscendersBane","Defend_R","Defend_R","Defend_R","Bash","Offering+1","Shrug It Off","Carnage+1","Immolate+1","Armaments+1","Flame Barrier","Reaper","True Grit+1","Blood for Blood+1","Burning Pact+1","Shrug It Off+1","Impervious+1","Rupture+1","Spot Weakness+1","Bloodletting+1","Limit Break+1","Battle Trance+1","Barricade+1","Master of Strategy+1","Dark Shackles+1","Dark Embrace+1","Disarm+1"],"special_seed":0,"relics":["Burning Blood","NeowsBlessing","Orrery","Nunchaku","Centennial Puzzle","Lantern","Meat on the Bone","Toxic Egg 2","Astrolabe","Boot","Bag of Marbles","Bottled Tornado","Coffee Dripper","Charon\u0027s Ashes","Question Card","Orichalcum","Incense Burner"],"potions_floor_usage":[56],"damage_taken":[{"damage":0.0,"enemies":"2 Louse","floor":1.0,"turns":1.0},{"damage":2.0,"enemies":"Small Slimes","floor":5.0,"turns":1.0},{"damage":0.0,"enemies":"Gremlin Nob","floor":6.0,"turns":1.0},{"damage":33.0,"enemies":"Lagavulin","floor":8.0,"turns":5.0},{"damage":6.0,"enemies":"3 Sentries","floor":10.0,"turns":3.0},{"damage":8.0,"enemies":"Cultist","floor":11.0,"turns":1.0},{"damage":6.0,"enemies":"Gremlin Gang","floor":13.0,"turns":3.0},{"damage":0.0,"enemies":"Gremlin Nob","floor":14.0,"turns":2.0},{"damage":29.0,"enemies":"The Guardian","floor":16.0,"turns":14.0},{"damage":21.0,"enemies":"2 Thieves","floor":18.0,"turns":3.0},{"damage":6.0,"enemies":"Chosen","floor":22.0,"turns":5.0},{"damage":45.0,"enemies":"Gremlin Leader","floor":23.0,"turns":7.0},{"damage":36.0,"enemies":"Centurion and Healer","floor":25.0,"turns":9.0},{"damage":35.0,"enemies":"Shelled Parasite and Fungi","floor":28.0,"turns":9.0},{"damage":16.0,"enemies":"Snake Plant","floor":29.0,"turns":5.0},{"damage":9.0,"enemies":"Slavers","floor":30.0,"turns":4.0},{"damage":59.0,"enemies":"Automaton","floor":33.0,"turns":8.0},{"damage":24.0,"enemies":"3 Shapes","floor":35.0,"turns":6.0},{"damage":29.0,"enemies":"Orb Walker","floor":36.0,"turns":3.0},{"damage":8.0,"enemies":"4 Shapes","floor":37.0,"turns":6.0},{"damage":54.0,"enemies":"Spire Growth","floor":38.0,"turns":5.0},{"damage":16.0,"enemies":"Sphere and 2 Shapes","floor":39.0,"turns":6.0},{"damage":36.0,"enemies":"Nemesis","floor":40.0,"turns":7.0},{"damage":7.0,"enemies":"4 Shapes","floor":42.0,"turns":3.0},{"damage":28.0,"enemies":"Reptomancer","floor":44.0,"turns":5.0},{"damage":12.0,"enemies":"Nemesis","floor":48.0,"turns":5.0},{"damage":61.0,"enemies":"Time Eater","floor":50.0,"turns":8.0},{"damage":15.0,"enemies":"Awakened One","floor":51.0,"turns":8.0},{"damage":33,"enemies":"Shield and Spear","floor":55,"turns":6},{"damage":79,"enemies":"The Heart","floor":56,"turns":8}],"seed_played":"-112469385953764668","potions_obtained":[{"floor":5.0,"key":"ElixirPotion"},{"floor":8.0,"key":"AttackPotion"},{"floor":10.0,"key":"LiquidMemories"},{"floor":22.0,"key":"FearPotion"},{"floor":28.0,"key":"DuplicationPotion"},{"floor":33.0,"key":"AttackPotion"},{"floor":35.0,"key":"BlessingOfTheForge"},{"floor":38.0,"key":"SkillPotion"},{"floor":44.0,"key":"Strength Potion"}],"is_trial":false,"path_per_floor":["M","?","?","$","M","E","R","E","T","E","M","R","M","E","R","B",null,"M","?","?","$","M","E","R","M","T","R","M","M","E","?","R","B",null,"M","M","M","M","M","E","?","M","T","E","R","?","$","E","R","B","B",null,"R","$","E","B",null],"character_chosen":"IRONCLAD","basemod:card_modifiers":[null,null,null,null,null,null,null,null,null,null,null,null,null,null,null,null,null,null,null,null,null,null,null,null,null,null,null],"items_purchased":["Hemokinesis","Orrery","Impervious+1","Rupture","Dark Embrace"],"campfire_rested":2,"item_purchase_floors":[4,4,21,21,47],"current_hp_per_floor":[74,74,63,63,67,73,73,46,46,46,44,44,44,50,50,39,66,61,61,61,61,61,34,34,34,34,56,41,48,45,45,67,48,68,71,48,75,55,45,56,56,55,55,51,51,41,41,47,47,61,75,75,75,75,75,75],"gold":65,"neow_bonus":"THREE_ENEMY_KILL","is_prod":false,"is_daily":false,"chose_seed":false,"campfire_upgraded":6,"win_rate":0,"timestamp":1705580670,"path_taken":["M","?","?","$","M","E","R","E","T","E","M","R","M","E","R","BOSS","M","?","?","$","?","E","R","M","T","R","M","?","E","?","R","BOSS","M","?","?","M","M","E","?","M","T","E","R","?","$","E","R","BOSS","BOSS","R","$","E","BOSS"],"build_version":"2022-12-18","purchased_purges":4,"victory":true,"max_hp_per_floor":[75,75,75,75,75,75,75,75,75,75,75,75,75,75,75,75,75,75,75,75,75,75,75,75,75,75,75,75,75,75,75,75,75,75,75,75,75,75,75,75,75,75,75,75,75,75,75,75,75,75,75,75,75,75,75,75],"relic_stats":{"Nunchaku":[18],"Centennial Puzzle":[75],"counters":[30,157],"Astrolabe":["True Grit","Blood for Blood","Burning Pact"],"Charon\u0027s Ashes":[277],"Bottled Tornado":"Rupture","Orichalcum":[0],"Boot":[11],"Question Card":5,"obtain_stats":[{"Lantern":9,"NeowsBlessing":0,"Astrolabe":17,"Charon\u0027s Ashes":40,"Incense Burner":55,"Bottled Tornado":30,"Orichalcum":48,"Boot":23,"Question Card":44,"Burning Blood":0,"Nunchaku":6,"Centennial Puzzle":8,"Orrery":4,"Bag of Marbles":26,"Coffee Dripper":34,"Toxic Egg 2":14,"Meat on the Bone":10},{"Lantern":4,"NeowsBlessing":0,"Astrolabe":9,"Charon\u0027s Ashes":23,"Incense Burner":29,"Bottled Tornado":16,"Orichalcum":26,"Boot":12,"Question Card":25,"Burning Blood":0,"Nunchaku":3,"Centennial Puzzle":4,"Orrery":1,"Bag of Marbles":13,"Coffee Dripper":17,"Toxic Egg 2":8,"Meat on the Bone":5},{"Lantern":8,"NeowsBlessing":0,"Astrolabe":31,"Charon\u0027s Ashes":114,"Incense Burner":149,"Bottled Tornado":73,"Orichalcum":127,"Boot":46,"Question Card":122,"Burning Blood":0,"Nunchaku":3,"Centennial Puzzle":8,"Orrery":1,"Bag of Marbles":55,"Coffee Dripper":81,"Toxic Egg 2":17,"Meat on the Bone":11}],"Burning Blood":169,"Meat on the Bone":84},"card_choices":[{"not_picked":["Armaments","Clothesline","Iron Wave"],"picked":"SKIP","floor":1.0},{"not_picked":["Sever Soul","Searing Blow"],"picked":"Offering","floor":4.0},{"not_picked":["Searing Blow","Thunderclap"],"picked":"Shrug It Off","floor":4.0},{"not_picked":["Rupture","Fire Breathing"],"picked":"Carnage","floor":4.0},{"not_picked":["Flex","Shrug It Off","Wild Strike"],"picked":"SKIP","floor":5.0},{"not_picked":["Armaments","Seeing Red"],"picked":"Immolate","floor":6.0},{"not_picked":["Anger","Immolate","Twin Strike"],"picked":"SKIP","floor":8.0},{"not_picked":["Wild Strike","Twin Strike","Rampage"],"picked":"SKIP","floor":10.0},{"not_picked":["Clothesline","Twin Strike"],"picked":"Armaments","floor":11.0},{"not_picked":["Dropkick","Seeing Red"],"picked":"Flame Barrier","floor":13.0},{"not_picked":["Pummel","Perfected Strike","Uppercut"],"picked":"SKIP","floor":14.0},{"not_picked":["Bludgeon","Brutality"],"picked":"Reaper","floor":16.0},{"not_picked":["Iron Wave","True Grit+1"],"picked":"Shrug It Off+1","floor":18.0},{"not_picked":["Iron Wave","Rage+1","Reckless Charge"],"picked":"SKIP","floor":22.0},{"not_picked":["Shrug It Off+1","Heavy Blade","Reckless Charge"],"picked":"SKIP","floor":23.0},{"not_picked":["Evolve","Dropkick"],"picked":"Spot Weakness+1","floor":25.0},{"not_picked":["Pommel Strike","Twin Strike","Blood for Blood+1"],"picked":"SKIP","floor":28.0},{"not_picked":["Twin Strike","Entrench+1"],"picked":"Bloodletting+1","floor":29.0},{"not_picked":["Rupture","Searing Blow","Barricade"],"picked":"SKIP","floor":30.0},{"not_picked":["Corruption","Feed"],"picked":"Limit Break+1","floor":33.0},{"not_picked":["Pummel","Clothesline","True Grit+1"],"picked":"SKIP","floor":35.0},{"not_picked":["Carnage","Seeing Red+1","Pummel"],"picked":"SKIP","floor":36.0},{"not_picked":["Shockwave+1","Thunderclap+1","Metallicize"],"picked":"SKIP","floor":37.0},{"not_picked":["Sword Boomerang","Clothesline","Sentinel+1"],"picked":"SKIP","floor":38.0},{"not_picked":["Ghostly Armor+1","Pommel Strike+1","Sword Boomerang"],"picked":"SKIP","floor":39.0},{"not_picked":["Shrug It Off+1","Body Slam","Iron Wave"],"picked":"SKIP","floor":40.0},{"not_picked":["Havoc+1","Blood for Blood"],"picked":"Battle Trance+1","floor":42.0},{"not_picked":["Body Slam","Flex+1"],"picked":"Barricade","floor":44.0},{"not_picked":["Chrysalis+1","Sadistic Nature","Impatience+1"],"picked":"Master of Strategy+1","floor":46.0},{"not_picked":["Panacea+1","The Bomb+1","Trip+1"],"picked":"Dark Shackles+1","floor":46.0},{"not_picked":["Burning Pact+1","Iron Wave","Body Slam+1"],"picked":"Disarm+1","floor":48.0},{"not_picked":["Warcry+1","Shrug It Off+1","Twin Strike","Flex+1"],"picked":"SKIP","floor":55}],"player_experience":550264,"relics_obtained":[{"floor":6.0,"key":"Nunchaku"},{"floor":8.0,"key":"Centennial Puzzle"},{"floor":9.0,"key":"Lantern"},{"floor":10.0,"key":"Meat on the Bone"},{"floor":14.0,"key":"Toxic Egg 2"},{"floor":23.0,"key":"Boot"},{"floor":26.0,"key":"Bag of Marbles"},{"floor":30.0,"key":"Bottled Tornado"},{"floor":40.0,"key":"Charon\u0027s Ashes"},{"floor":44.0,"key":"Question Card"},{"floor":48.0,"key":"Orichalcum"},{"floor":55,"key":"Incense Burner"}],"event_choices":[{"damage_healed":0.0,"max_hp_gain":0.0,"max_hp_loss":0.0,"gold_gain":150.0,"event_name":"Liars Game","player_choice":"AGREE","floor":2.0,"gold_loss":0.0,"damage_taken":0.0,"cards_obtained":["Doubt"]},{"damage_healed":0.0,"max_hp_gain":0.0,"max_hp_loss":0.0,"gold_gain":75.0,"event_name":"World of Goop","player_choice":"Gather Gold","floor":3.0,"gold_loss":0.0,"damage_taken":11.0},{"damage_healed":0.0,"max_hp_gain":0.0,"max_hp_loss":0.0,"gold_gain":0.0,"event_name":"The Mausoleum","player_choice":"Ignored","floor":19.0,"gold_loss":0.0,"damage_taken":0.0},{"damage_healed":0.0,"max_hp_gain":0.0,"max_hp_loss":0.0,"gold_gain":0.0,"event_name":"Upgrade Shrine","player_choice":"Upgraded","floor":20.0,"gold_loss":0.0,"damage_taken":0.0,"cards_upgraded":["Carnage"]},{"cards_removed":["Strike_R"],"damage_healed":0.0,"max_hp_gain":0.0,"max_hp_loss":0.0,"gold_gain":0.0,"event_name":"Purifier","player_choice":"Purged","floor":31.0,"gold_loss":0.0,"damage_taken":0.0},{"damage_healed":0.0,"max_hp_gain":0.0,"max_hp_loss":0.0,"gold_gain":0.0,"event_name":"Tomb of Lord Red Mask","player_choice":"Ignored","floor":41.0,"gold_loss":0.0,"damage_taken":0.0},{"damage_healed":0.0,"max_hp_gain":0.0,"max_hp_loss":0.0,"gold_gain":0.0,"event_name":"SensoryStone","player_choice":"Memory 3","floor":46.0,"gold_loss":0.0,"damage_taken":10.0}],"is_beta":false,"boss_relics":[{"not_picked":["SlaversCollar","Busted Crown"],"picked":"Astrolabe"},{"not_picked":["Black Blood","Pandora\u0027s Box"],"picked":"Coffee Dripper"}],"items_purged_floors":[4,21,47,54],"is_endless":false,"potions_floor_spawned":[5,8,10,11,13,22,23,28,33,35,38,44,48],"ascension_level":20}