{"gold_per_floor":[119,119,129,141,156,156,191,206,206,223,223,223,249,120,120,217,217,227,127,127,52,63,63],"floor_reached":23,"playtime":562,"items_purged":["Strike_P","BowlingBash"],"score":359,"play_id":"a1d0b732-bed2-458c-a48f-292c5c1d5f99","local_time":"20240121014118","is_ascension_mode":true,"campfire_choices":[{"data":"Eruption","floor":6.0,"key":"SMITH"},{"data":"Strike_P","floor":11.0,"key":"PURGE"},{"data":"Defend_P","floor":15.0,"key":"PURGE"}],"neow_cost":"TEN_PERCENT_HP_LOSS","seed_source_timestamp":6659264885200,"circlet_count":0,"master_deck":["Eruption+1","Vigilance","Tantrum","ClearTheMind","Meditate","Purity","Indignation","Evaluate","Wish","Pray+1","WreathOfFlame+1","Pray+1","Adaptation","Halt+1"],"special_seed":0,"relics":["PureWater","Peace Pipe","Calipers","StrikeDummy","FossilizedHelix","Astrolabe"],"potions_floor_usage":[16],"damage_taken":[{"damage":2.0,"enemies":"Jaw Worm","floor":1.0,"turns":3.0},{"damage":2.0,"enemies":"Cultist","floor":3.0,"turns":4.0},{"damage":5.0,"enemies":"Small Slimes","floor":4.0,"turns":3.0},{"damage":4.0,"enemies":"Looter","floor":5.0,"turns":3.0},{"damage":12.0,"enemies":"Lagavulin","floor":7.0,"turns":3.0},{"damage":4.0,"enemies":"Exordium Wildlife","floor":8.0,"turns":3.0},{"damage":11.0,"enemies":"3 Louse","floor":10.0,"turns":3.0},{"damage":0.0,"enemies":"Gremlin Nob","floor":13.0,"turns":2.0},{"damage":0,"enemies":"Slime Boss","floor":16,"turns":3},{"damage":43,"enemies":"2 Thieves","floor":18,"turns":4},{"damage":0,"enemies":"Spheric Guardian","floor":22,"turns":2},{"damage":10,"enemies":"Gremlin Leader","floor":23,"turns":3}],"seed_played":"4893324148817528815","potions_obtained":[{"floor":5.0,"key":"Block Potion"},{"floor":7.0,"key":"FearPotion"},{"floor":10.0,"key":"SkillPotion"},{"floor":13.0,"key":"SpeedPotion"}],"is_trial":false,"path_per_floor":["M","?","M","M","M","R","E","M","T","M","R","T","E","$","R","B",null,"M","$","?","?","M","E"],"character_chosen":"WATCHER","basemod:card_modifiers":[null,null,null,null,null,null,null,null,null,null,null,null,null,null],"items_purchased":["Evaluate"],"campfire_rested":0,"item_purchase_floors":[14],"current_hp_per_floor":[63,63,61,56,52,52,40,36,36,25,25,25,25,25,25,25,55,12,12,12,12,12,2],"gold":63,"neow_bonus":"TRANSFORM_TWO_CARDS","is_prod":false,"is_daily":false,"chose_seed":false,"campfire_upgraded":1,"win_rate":0,"timestamp":1705768878,"path_taken":["M","?","M","M","?","R","E","M","T","M","R","?","E","$","R","BOSS","M","$","?","?","?","E"],"build_version":"2022-12-18","purchased_purges":2,"victory":false,"max_hp_per_floor":[65,65,65,65,65,65,65,65,65,65,65,65,65,65,65,65,65,65,65,65,65,65,65],"relic_stats":{"Peace Pipe":2,"Calipers":[0],"counters":[12,36],"Astrolabe":["Pray","WreathOfFlame","Pray"],"PureWater":[9],"obtain_stats":[{"Peace Pipe":7,"Calipers":9,"Astrolabe":17,"PureWater":0,"StrikeDummy":12,"FossilizedHelix":13},{"Peace Pipe":5,"Calipers":6,"Astrolabe":9,"PureWater":0,"StrikeDummy":7,"FossilizedHelix":8},{"Peace Pipe":16,"Calipers":19,"Astrolabe":27,"PureWater":0,"StrikeDummy":22,"FossilizedHelix":24}],"FossilizedHelix":[5]},"card_choices":[{"not_picked":["Protect","ThirdEye"],"picked":"Meditate","floor":1.0},{"not_picked":["PathToVictory","FollowUp","WaveOfTheHand"],"picked":"SKIP","floor":3.0},{"not_picked":["JustLucky","WindmillStrike"],"picked":"BowlingBash","floor":4.0},{"not_picked":["FlyingSleeves","DevaForm","Halt"],"picked":"SKIP","floor":5.0},{"not_picked":["Prostrate","ThirdEye","MasterReality"],"picked":"SKIP","floor":7.0},{"not_picked":["CrushJoints","Protect","DeceiveReality"],"picked":"SKIP","floor":8.0},{"not_picked":["Collect","WindmillStrike","FollowUp"],"picked":"SKIP","floor":10.0},{"not_picked":["ReachHeaven","SashWhip"],"picked":"Consecrate","floor":13.0},{"not_picked":["Alpha","Omniscience"],"picked":"Wish","floor":16},{"not_picked":["BowlingBash+1","SashWhip"],"picked":"Adaptation","floor":18},{"not_picked":["SashWhip","CrushJoints+1"],"picked":"Halt+1","floor":22}],"player_experience":561427,"relics_obtained":[{"floor":7.0,"key":"Peace Pipe"},{"floor":9.0,"key":"Calipers"},{"floor":12.0,"key":"StrikeDummy"},{"floor":13.0,"key":"FossilizedHelix"}],"event_choices":[{"damage_healed":0.0,"max_hp_gain":0.0,"max_hp_loss":0.0,"gold_gain":0.0,"event_name":"Match and Keep!","player_choice":"2 cards matched","floor":2.0,"gold_loss":0.0,"damage_taken":0.0,"cards_obtained":["Purity","Indignation"]},{"damage_healed":0,"gold_gain":0,"player_choice":"Ignored","damage_taken":0,"max_hp_gain":0,"max_hp_loss":0,"event_name":"Cursed Tome","floor":20,"gold_loss":0},{"cards_removed":["Consecrate"],"damage_healed":0,"gold_gain":0,"player_choice":"Gave Gold","damage_taken":0,"max_hp_gain":0,"max_hp_loss":0,"event_name":"Beggar","floor":21,"gold_loss":75}],"is_beta":false,"boss_relics":[{"not_picked":["Coffee Dripper","Ectoplasm"],"picked":"Astrolabe"}],"items_purged_floors":[14,19],"is_endless":false,"potions_floor_spawned":[5,7,10,13],"killed_by":"Gremlin Leader","ascension_level":6}