{"gold_per_floor":[114,134,134,134,147,147,147,182,209,235,255,268,268,282,282,378,378,398,54,72,88,15,44,44,77,103,120,120],"floor_reached":28,"playtime":826,"items_purged":["Strike_P","Strike_P"],"score":448,"play_id":"373bc925-7380-4b03-9ccf-b22d4c49298c","local_time":"20240125193028","is_ascension_mode":true,"campfire_choices":[{"data":"Eruption","floor":6.0,"key":"SMITH"},{"data":"BowlingBash","floor":13.0,"key":"SMITH"},{"data":"Meditate","floor":15.0,"key":"SMITH"},{"data":"Adaptation","floor":24.0,"key":"SMITH"}],"neow_cost":"PERCENT_DAMAGE","seed_source_timestamp":6350298986400,"circlet_count":0,"master_deck":["Defend_P","Defend_P","Defend_P","Defend_P","Eruption+1","Vigilance","Indignation","FearNoEvil","FlurryOfBlows","CutThroughFate","BowlingBash+1","SandsOfTime","Meditate+1","EmptyFist","Adaptation+1","Purity","Adaptation","Halt","Establishment"],"special_seed":0,"relics":["PureWater","Incense Burner","Smiling Mask","Matryoshka","Potion Belt","Anchor","MealTicket","Philosopher\u0027s Stone","TheAbacus","Molten Egg 2","Gremlin Horn","Juzu Bracelet","Damaru"],"potions_floor_usage":[],"damage_taken":[{"damage":0.0,"enemies":"2 Louse","floor":1.0,"turns":2.0},{"damage":0.0,"enemies":"Jaw Worm","floor":2.0,"turns":3.0},{"damage":7.0,"enemies":"Cultist","floor":5.0,"turns":3.0},{"damage":7.0,"enemies":"Lagavulin","floor":8.0,"turns":6.0},{"damage":17.0,"enemies":"3 Sentries","floor":10.0,"turns":8.0},{"damage":0.0,"enemies":"2 Fungi Beasts","floor":11.0,"turns":2.0},{"damage":0.0,"enemies":"Lots of Slimes","floor":12.0,"turns":5.0},{"damage":0.0,"enemies":"Gremlin Gang","floor":14.0,"turns":2.0},{"damage":0.0,"enemies":"Slime Boss","floor":16.0,"turns":3.0},{"damage":0.0,"enemies":"Chosen","floor":18.0,"turns":3.0},{"damage":2.0,"enemies":"Spheric Guardian","floor":20.0,"turns":3.0},{"damage":1.0,"enemies":"Cultist and Chosen","floor":21.0,"turns":4.0},{"damage":28.0,"enemies":"Gremlin Leader","floor":23.0,"turns":4.0},{"damage":34.0,"enemies":"Book of Stabbing","floor":25.0,"turns":4.0},{"damage":0.0,"enemies":"Chosen and Byrds","floor":27.0,"turns":3.0},{"damage":0,"enemies":"Snake Plant","floor":28,"turns":2}],"seed_played":"-4909777904168352462","potions_obtained":[{"floor":1.0,"key":"ColorlessPotion"},{"floor":8.0,"key":"Block Potion"},{"floor":11.0,"key":"Regen Potion"},{"floor":12.0,"key":"Fire Potion"},{"floor":21.0,"key":"FearPotion"}],"is_trial":false,"path_per_floor":["M","M","?","T","M","R","?","E","T","E","M","M","R","M","R","B",null,"M","$","M","M","$","E","R","E","T","M","M"],"character_chosen":"WATCHER","basemod:card_modifiers":[null,null,null,null,null,null,null,null,null,null,null,null,null,null,null,null,null,null,null],"items_purchased":["Adaptation","Purity","TheAbacus","Halt"],"campfire_rested":0,"item_purchase_floors":[19,19,19,22],"current_hp_per_floor":[47,47,40,40,33,33,33,26,26,9,9,23,23,23,23,23,60,60,72,70,69,72,44,44,10,10,10,10],"gold":120,"neow_bonus":"ONE_RARE_RELIC","is_prod":false,"is_daily":false,"chose_seed":false,"campfire_upgraded":4,"win_rate":0,"timestamp":1706178628,"path_taken":["M","M","?","?","?","R","?","E","T","E","?","M","R","M","R","BOSS","M","$","M","M","$","E","R","E","T","M","M"],"build_version":"2022-12-18","purchased_purges":2,"victory":false,"max_hp_per_floor":[72,72,72,72,72,72,72,72,72,72,72,72,72,72,72,72,72,72,72,72,72,72,72,72,72,72,72,72],"relic_stats":{"Matryoshka":2,"TheAbacus":[42],"Gremlin Horn":[1,1],"counters":[16,57],"MealTicket":15,"Juzu Bracelet":0,"PureWater":[10],"Smiling Mask":75,"obtain_stats":[{"Potion Belt":9,"Gremlin Horn":25,"Damaru":26,"Incense Burner":0,"Juzu Bracelet":26,"Smiling Mask":4,"Anchor":9,"Matryoshka":8,"TheAbacus":19,"MealTicket":10,"Philosopher\u0027s Stone":17,"Molten Egg 2":23,"PureWater":0},{"Potion Belt":4,"Gremlin Horn":14,"Damaru":14,"Incense Burner":0,"Juzu Bracelet":14,"Smiling Mask":2,"Anchor":4,"Matryoshka":4,"TheAbacus":10,"MealTicket":5,"Philosopher\u0027s Stone":9,"Molten Egg 2":13,"PureWater":0},{"Potion Belt":14,"Gremlin Horn":52,"Damaru":52,"Incense Burner":0,"Juzu Bracelet":52,"Smiling Mask":5,"Anchor":14,"Matryoshka":14,"TheAbacus":37,"MealTicket":22,"Philosopher\u0027s Stone":34,"Molten Egg 2":48,"PureWater":0}]},"card_choices":[{"not_picked":["Weave","Study","SashWhip"],"picked":"SKIP","floor":1.0},{"not_picked":["Evaluate","WreathOfFlame"],"picked":"Indignation","floor":2.0},{"not_picked":["Weave","Crescendo"],"picked":"FearNoEvil","floor":5.0},{"not_picked":["Crescendo","Halt"],"picked":"FlurryOfBlows","floor":8.0},{"not_picked":["ClearTheMind","Devotion"],"picked":"CutThroughFate","floor":10.0},{"not_picked":["Prostrate","Perseverance"],"picked":"BowlingBash","floor":11.0},{"not_picked":["BowlingBash","WreathOfFlame"],"picked":"SandsOfTime","floor":12.0},{"not_picked":["WheelKick","PathToVictory"],"picked":"Meditate","floor":14.0},{"not_picked":["Crescendo","Pray+1"],"picked":"EmptyFist","floor":18.0},{"not_picked":["SashWhip","FlurryOfBlows","FlyingSleeves"],"picked":"SKIP","floor":20.0},{"not_picked":["Crescendo+1","CrushJoints"],"picked":"Adaptation","floor":21.0},{"not_picked":["SashWhip+1","CarveReality+1"],"picked":"Establishment","floor":23.0},{"not_picked":["BattleHymn","Prostrate","SashWhip+1"],"picked":"SKIP","floor":25.0},{"not_picked":["Wallop+1","WaveOfTheHand","CutThroughFate+1"],"picked":"SKIP","floor":27.0}],"player_experience":568085,"relics_obtained":[{"floor":4.0,"key":"Smiling Mask"},{"floor":8.0,"key":"Matryoshka"},{"floor":9.0,"key":"Potion Belt"},{"floor":9.0,"key":"Anchor"},{"floor":10.0,"key":"MealTicket"},{"floor":23.0,"key":"Molten Egg 2"},{"floor":25.0,"key":"Gremlin Horn"},{"floor":26.0,"key":"Juzu Bracelet"},{"floor":26.0,"key":"Damaru"}],"event_choices":[{"cards_removed":["Strike_P"],"damage_healed":0.0,"max_hp_gain":0.0,"max_hp_loss":0.0,"gold_gain":0.0,"event_name":"Golden Wing","player_choice":"Card Removal","floor":3.0,"gold_loss":0.0,"damage_taken":7.0},{"cards_removed":["Strike_P"],"damage_healed":0.0,"max_hp_gain":0.0,"max_hp_loss":0.0,"gold_gain":0.0,"event_name":"Purifier","player_choice":"Purged","floor":7.0,"gold_loss":0.0,"damage_taken":0.0}],"is_beta":false,"boss_relics":[{"not_picked":["Velvet Choker","Pandora\u0027s Box"],"picked":"Philosopher\u0027s Stone"}],"items_purged_floors":[19,22],"is_endless":false,"potions_floor_spawned":[1,8,11,12,21],"killed_by":"Snake Plant","ascension_level":8}