{"gold_per_floor":[19,29,29,29,39,39,70,70,70,70,89,89],"floor_reached":12,"playtime":163,"items_purged":[],"score":156,"play_id":"1bfeb048-f7f0-4933-b911-f3c07f66bfe7","local_time":"20240211154355","is_ascension_mode":true,"campfire_choices":[{"data":"Dagger Spray","floor":6.0,"key":"SMITH"},{"floor":10.0,"key":"REST"}],"neow_cost":"NO_GOLD","seed_source_timestamp":957866346500,"circlet_count":0,"master_deck":["AscendersBane","Strike_G","Strike_G","Strike_G","Strike_G","Strike_G","Defend_G","Defend_G","Defend_G","Defend_G","Defend_G","Survivor","Neutralize","Dagger Spray+1","Blade Dance","Footwork","Decay"],"special_seed":0,"relics":["Ring of the Snake","Ice Cream","Blue Candle","Oddly Smooth Stone","Calipers"],"potions_floor_usage":[],"damage_taken":[{"damage":6.0,"enemies":"Cultist","floor":1.0,"turns":4.0},{"damage":0.0,"enemies":"Jaw Worm","floor":2.0,"turns":4.0},{"damage":0.0,"enemies":"Small Slimes","floor":5.0,"turns":3.0},{"damage":43.0,"enemies":"Lagavulin","floor":7.0,"turns":7.0},{"damage":17.0,"enemies":"3 Louse","floor":11.0,"turns":3.0},{"damage":0,"enemies":"3 Sentries","floor":12,"turns":1}],"seed_played":"-4029012899428099194","potions_obtained":[{"floor":5.0,"key":"FearPotion"},{"floor":7.0,"key":"Energy Potion"}],"is_trial":false,"path_per_floor":["M","M","?","?","M","R","E","?","T","R","M","E"],"character_chosen":"THE_SILENT","basemod:card_modifiers":[null,null,null,null,null,null,null,null,null,null,null,null,null,null,null,null,null],"items_purchased":[],"campfire_rested":1,"item_purchase_floors":[],"current_hp_per_floor":[53,53,58,53,53,53,10,10,10,31,14,14],"gold":89,"neow_bonus":"ONE_RARE_RELIC","is_prod":false,"is_daily":false,"chose_seed":false,"campfire_upgraded":1,"win_rate":0,"timestamp":1707633835,"path_taken":["M","?","?","?","M","R","E","?","T","R","M","E"],"build_version":"2022-12-18","purchased_purges":0,"victory":false,"max_hp_per_floor":[66,66,71,71,71,71,71,71,71,71,71,71],"relic_stats":{"Ice Cream":[5],"Calipers":[0],"counters":[6,22],"Blue Candle":[1],"obtain_stats":[{"Ice Cream":0,"Calipers":9,"Blue Candle":4,"Oddly Smooth Stone":7,"Ring of the Snake":0},{"Ice Cream":0,"Calipers":4,"Blue Candle":2,"Oddly Smooth Stone":4,"Ring of the Snake":0},{"Ice Cream":0,"Calipers":18,"Blue Candle":8,"Oddly Smooth Stone":18,"Ring of the Snake":0}],"Ring of the Snake":[12]},"card_choices":[{"not_picked":["Cloak And Dagger","Acrobatics"],"picked":"Dagger Spray","floor":1.0},{"not_picked":["Sucker Punch","Footwork"],"picked":"Blade Dance","floor":2.0},{"not_picked":["Poisoned Stab","Riddle With Holes"],"picked":"Footwork","floor":5.0},{"not_picked":["PiercingWail","Bullet Time","Slice"],"picked":"SKIP","floor":7.0},{"not_picked":["Deadly Poison","Choke","Skewer"],"picked":"SKIP","floor":11.0}],"player_experience":574440,"relics_obtained":[{"floor":7.0,"key":"Oddly Smooth Stone"},{"floor":9.0,"key":"Calipers"}],"event_choices":[{"damage_healed":0.0,"max_hp_gain":5.0,"max_hp_loss":0.0,"gold_gain":0.0,"event_name":"Big Fish","player_choice":"Donut","floor":3.0,"gold_loss":0.0,"damage_taken":0.0},{"damage_healed":0.0,"max_hp_gain":0.0,"max_hp_loss":0.0,"gold_gain":0.0,"event_name":"Scrap Ooze","player_choice":"Success","floor":4.0,"gold_loss":0.0,"damage_taken":5.0,"relics_obtained":["Blue Candle"]},{"damage_healed":0.0,"max_hp_gain":0.0,"max_hp_loss":0.0,"gold_gain":0.0,"event_name":"Wheel of Change","player_choice":"Cursed","floor":8.0,"gold_loss":0.0,"damage_taken":0.0,"cards_obtained":["Decay"]}],"is_beta":false,"boss_relics":[],"items_purged_floors":[],"is_endless":false,"potions_floor_spawned":[5,7],"killed_by":"3 Sentries","ascension_level":20}