{"gold_per_floor":[119,135,135,135,154,154],"floor_reached":6,"playtime":72,"items_purged":[],"score":72,"play_id":"f5e31aac-0706-4c6a-86b2-7c529e82e48b","local_time":"20240211154839","is_ascension_mode":true,"campfire_choices":[],"neow_cost":"NONE","seed_source_timestamp":1403789926900,"circlet_count":0,"master_deck":["AscendersBane","Strike_G","Strike_G","Strike_G","Strike_G","Strike_G+1","Defend_G","Defend_G","Defend_G","Defend_G","Defend_G","Survivor","Neutralize","Dagger Throw","Dagger Spray+1","Slice"],"relics":["Ring of the Snake","NeowsBlessing","Golden Idol"],"potions_floor_usage":[6,6],"damage_taken":[{"damage":0,"enemies":"Jaw Worm","floor":1,"turns":1},{"damage":0,"enemies":"Small Slimes","floor":2,"turns":1},{"damage":0,"enemies":"2 Louse","floor":5,"turns":1},{"damage":11,"enemies":"3 Sentries","floor":6,"turns":4}],"seed_played":"343414285063228776","potions_obtained":[{"floor":2,"key":"SneckoOil"},{"floor":5,"key":"EssenceOfSteel"}],"is_trial":false,"path_per_floor":["M","M","?","?","M","E"],"character_chosen":"THE_SILENT","basemod:card_modifiers":[null,null,null,null,null,null,null,null,null,null,null,null,null,null,null,null],"items_purchased":[],"campfire_rested":0,"item_purchase_floors":[],"current_hp_per_floor":[59,59,36,16,16,5],"gold":154,"neow_bonus":"THREE_ENEMY_KILL","is_prod":false,"is_daily":false,"chose_seed":false,"campfire_upgraded":0,"win_rate":0,"timestamp":1707634119,"path_taken":["M","M","?","?","?","E"],"build_version":"2022-12-18","purchased_purges":0,"victory":false,"max_hp_per_floor":[66,66,66,66,66,66],"relic_stats":{"counters":[4,7],"Golden Idol":4,"obtain_stats":[{"NeowsBlessing":0,"Golden Idol":3,"Ring of the Snake":0},{"NeowsBlessing":0,"Golden Idol":2,"Ring of the Snake":0},{"NeowsBlessing":0,"Golden Idol":2,"Ring of the Snake":0}],"Ring of the Snake":[8]},"card_choices":[{"not_picked":["PiercingWail","Flying Knee"],"picked":"Dagger Throw","floor":1},{"not_picked":["PiercingWail","Tactician"],"picked":"Dagger Spray","floor":2},{"not_picked":["PiercingWail","All Out Attack"],"picked":"Slice","floor":5}],"player_experience":574789,"relics_obtained":[],"event_choices":[{"damage_healed":0,"gold_gain":0,"player_choice":"Take Damage","damage_taken":23,"relics_obtained":["Golden Idol"],"max_hp_gain":0,"max_hp_loss":0,"event_name":"Golden Idol","floor":3,"gold_loss":0},{"damage_healed":0,"gold_gain":0,"player_choice":"Entered Light","damage_taken":20,"max_hp_gain":0,"max_hp_loss":0,"event_name":"Shining Light","floor":4,"gold_loss":0,"cards_upgraded":["Strike_G","Dagger Spray"]}],"is_beta":false,"boss_relics":[],"items_purged_floors":[],"is_endless":false,"potions_floor_spawned":[2,5],"killed_by":"3 Sentries","ascension_level":20}