{"gold_per_floor":[118,118,130,55,55,90,90,42,42,42,42,74,149,169,169,266,266,282,302,302,317,333,365,465,465,465,465,146,160,160,160],"floor_reached":31,"playtime":596,"items_purged":["Strike_B","Defend_B"],"score":400,"play_id":"6d347019-566c-4122-a70a-85a118dbeeb1","local_time":"20240212130635","is_ascension_mode":true,"campfire_choices":[{"data":"Streamline","floor":7.0,"key":"SMITH"},{"data":"Zap","floor":11.0,"key":"SMITH"},{"data":"Beam Cell","floor":15.0,"key":"SMITH"},{"floor":25,"key":"REST"},{"data":"Turbo","floor":27,"key":"SMITH"}],"neow_cost":"NONE","seed_source_timestamp":172903524900,"circlet_count":0,"master_deck":["Strike_B+1","Strike_B","Defend_B","Defend_B","Defend_B","Zap+1","Dualcast","Sweeping Beam","Streamline+1","Cold Snap+1","Beam Cell+1","Meteor Strike","Turbo+1","Ball Lightning","Aggregate+1","Chaos+1","Seek","Defragment","Capacitor","Core Surge"],"special_seed":0,"relics":["Cracked Core","NeowsBlessing","InkBottle","Juzu Bracelet","Runic Dome","Nloth\u0027s Gift","Strawberry"],"potions_floor_usage":[23,23],"damage_taken":[{"damage":0.0,"enemies":"Small Slimes","floor":1.0,"turns":1.0},{"damage":0.0,"enemies":"2 Louse","floor":3.0,"turns":1.0},{"damage":0.0,"enemies":"3 Sentries","floor":6.0,"turns":1.0},{"damage":22.0,"enemies":"Gremlin Nob","floor":12.0,"turns":4.0},{"damage":0.0,"enemies":"Jaw Worm","floor":14.0,"turns":3.0},{"damage":1.0,"enemies":"Hexaghost","floor":16.0,"turns":8.0},{"damage":4.0,"enemies":"Spheric Guardian","floor":18.0,"turns":3.0},{"damage":11.0,"enemies":"Shell Parasite","floor":19.0,"turns":5.0},{"damage":10.0,"enemies":"Centurion and Healer","floor":21.0,"turns":5.0},{"damage":16.0,"enemies":"Cultist and Chosen","floor":22.0,"turns":6.0},{"damage":14,"enemies":"Book of Stabbing","floor":23,"turns":3},{"damage":16,"enemies":"Sentry and Sphere","floor":29,"turns":4},{"damage":30,"enemies":"Gremlin Leader","floor":31,"turns":2}],"seed_played":"8934618771775897586","potions_obtained":[{"floor":12.0,"key":"Swift Potion"},{"floor":19.0,"key":"FocusPotion"},{"floor":22.0,"key":"AttackPotion"},{"floor":23,"key":"LiquidMemories"}],"is_trial":false,"path_per_floor":["M","?","M","$","?","E","R","$","T","?","R","E","?","M","R","B",null,"M","M","?","M","M","E","?","R","T","R","$","M","?","E"],"character_chosen":"DEFECT","basemod:card_modifiers":[null,null,null,null,null,null,null,null,null,null,null,null,null,null,null,null,null,null,null,null],"items_purchased":["Cold Snap","Seek","Defragment"],"campfire_rested":1,"item_purchase_floors":[8,28,28],"current_hp_per_floor":[68,61,61,61,66,66,66,66,66,50,50,28,17,17,17,16,64,60,49,49,39,23,16,16,42,42,42,42,26,26,0],"gold":160,"neow_bonus":"THREE_ENEMY_KILL","is_prod":false,"is_daily":false,"chose_seed":false,"campfire_upgraded":4,"win_rate":0,"timestamp":1707710795,"path_taken":["M","?","M","$","?","E","R","$","T","?","R","E","?","M","R","BOSS","M","M","?","M","M","E","?","R","T","R","?","M","?","E"],"build_version":"2022-12-18","purchased_purges":2,"victory":false,"max_hp_per_floor":[75,75,75,75,80,80,80,80,80,80,80,80,80,80,80,80,80,80,80,80,80,80,87,87,87,87,87,87,87,87,87],"relic_stats":{"counters":[13,46],"Juzu Bracelet":2,"Nloth\u0027s Gift":0,"obtain_stats":[{"Potion Belt":6,"Runic Dome":17,"NeowsBlessing":0,"Strawberry":23,"Juzu Bracelet":12,"Nloth\u0027s Gift":20,"Cracked Core":0,"InkBottle":9},{"Potion Belt":3,"Runic Dome":6,"NeowsBlessing":0,"Strawberry":11,"Juzu Bracelet":4,"Nloth\u0027s Gift":8,"Cracked Core":0,"InkBottle":3},{"Potion Belt":3,"Runic Dome":18,"NeowsBlessing":0,"Strawberry":40,"Juzu Bracelet":7,"Nloth\u0027s Gift":26,"Cracked Core":0,"InkBottle":3}],"InkBottle":[14]},"card_choices":[{"not_picked":["Beam Cell","Static Discharge"],"picked":"Sweeping Beam","floor":1.0},{"not_picked":["Leap","Conserve Battery"],"picked":"Streamline","floor":3.0},{"not_picked":["Compile Driver","Hello World","Stack"],"picked":"SKIP","floor":6.0},{"not_picked":["Steam Power","Rebound"],"picked":"Beam Cell","floor":12.0},{"not_picked":["Turbo","Melter","Self Repair"],"picked":"SKIP","floor":14.0},{"not_picked":["Amplify","Rainbow"],"picked":"Meteor Strike","floor":16.0},{"not_picked":["Chaos","Steam Power","Compile Driver"],"picked":"SKIP","floor":18.0},{"not_picked":["Cold Snap+1","Rip and Tear"],"picked":"Turbo","floor":19.0},{"not_picked":["Cold Snap+1","Heatsinks+1"],"picked":"Ball Lightning","floor":21.0},{"not_picked":["Force Field+1","Hologram"],"picked":"Aggregate+1","floor":22.0},{"not_picked":["Lockon+1","Darkness"],"picked":"Chaos+1","floor":23},{"not_picked":["Aggregate","Genetic Algorithm"],"picked":"Capacitor","floor":29}],"player_experience":599011,"relics_obtained":[{"floor":6.0,"key":"Potion Belt"},{"floor":9.0,"key":"InkBottle"},{"floor":12.0,"key":"Juzu Bracelet"},{"floor":23,"key":"Strawberry"}],"event_choices":[{"cards_removed":["Strike_B"],"damage_healed":0.0,"max_hp_gain":0.0,"max_hp_loss":0.0,"gold_gain":0.0,"event_name":"Golden Wing","player_choice":"Card Removal","floor":2.0,"gold_loss":0.0,"damage_taken":7.0},{"damage_healed":0.0,"max_hp_gain":5.0,"max_hp_loss":0.0,"gold_gain":0.0,"event_name":"Big Fish","player_choice":"Donut","floor":5.0,"gold_loss":0.0,"damage_taken":0.0},{"damage_healed":0.0,"max_hp_gain":0.0,"max_hp_loss":0.0,"gold_gain":0.0,"event_name":"Shining Light","player_choice":"Entered Light","floor":10.0,"gold_loss":0.0,"damage_taken":16.0,"cards_upgraded":["Strike_B","Cold Snap"]},{"damage_healed":0.0,"max_hp_gain":0.0,"max_hp_loss":0.0,"gold_gain":75.0,"event_name":"World of Goop","player_choice":"Gather Gold","floor":13.0,"gold_loss":0.0,"damage_taken":11.0},{"damage_healed":0.0,"max_hp_gain":0.0,"max_hp_loss":0.0,"gold_gain":0.0,"event_name":"N\u0027loth","player_choice":"Traded Relic","floor":20.0,"relics_lost":["Potion Belt"],"gold_loss":0.0,"damage_taken":0.0,"relics_obtained":["Nloth\u0027s Gift"]},{"damage_healed":0,"gold_gain":100,"player_choice":"Pray","damage_taken":0,"max_hp_gain":0,"max_hp_loss":0,"event_name":"Golden Shrine","floor":24,"gold_loss":0},{"damage_healed":0,"gold_gain":0,"player_choice":"1 cards matched","damage_taken":0,"max_hp_gain":0,"max_hp_loss":0,"event_name":"Match and Keep!","floor":30,"gold_loss":0,"cards_obtained":["Core Surge"]}],"is_beta":false,"boss_relics":[{"not_picked":["Velvet Choker","FrozenCore"],"picked":"Runic Dome"}],"items_purged_floors":[4,28],"is_endless":false,"potions_floor_spawned":[12,19,22,23],"killed_by":"Gremlin Leader","ascension_level":8}