{"gold_per_floor":[111,111,261,274,170,196,207,207,207,218,218,198,33,67,67,141,141,161,161,161,176,76,76,89,89,170,45,59,88,111,123,123,202,202,222,240,90,110,126,161,161,161,187,204,236,255,255,28,28,28,28,28,28,28,62,62],"floor_reached":57,"playtime":3701,"items_purged":["Doubt","Quick Slash","Dagger Spray","Poisoned Stab","Cloak And Dagger"],"score":2880,"play_id":"905dfd21-fc26-4cb7-8cdf-3b5fbec89288","local_time":"20240212030601","is_ascension_mode":true,"campfire_choices":[{"data":"Poisoned Stab","floor":11.0,"key":"SMITH"},{"data":"Deadly Poison","floor":15.0,"key":"SMITH"},{"data":"Acrobatics","floor":23.0,"key":"SMITH"},{"data":"Bullet Time","floor":25.0,"key":"SMITH"},{"data":"Tactician","floor":32.0,"key":"SMITH"},{"data":"Burst","floor":41,"key":"SMITH"},{"floor":47,"key":"RECALL"},{"data":"Prepared","floor":49,"key":"SMITH"},{"data":"Calculated Gamble","floor":53,"key":"SMITH"}],"neow_cost":"NONE","seed_source_timestamp":38305123811400,"circlet_count":0,"master_deck":["AscendersBane","Survivor","Neutralize","Well Laid Plans","Poisoned Stab+1","Escape Plan","Acrobatics+1","Backflip","Deadly Poison+1","Calculated Gamble+1","Adrenaline","Tools of the Trade","Bullet Time+1","Choke","Burst+1","Backflip","PiercingWail","Tactician+1","After Image","Prepared+1"],"special_seed":0,"relics":["Ring of the Snake","NeowsBlessing","Gremlin Horn","Paper Crane","Orrery","Anchor","Pandora\u0027s Box","Shuriken","Meat on the Bone","Lantern","Philosopher\u0027s Stone","Eternal Feather","Mummified Hand","Pen Nib"],"potions_floor_usage":[50],"damage_taken":[{"damage":0.0,"enemies":"2 Louse","floor":1.0,"turns":1.0},{"damage":0.0,"enemies":"Small Slimes","floor":4.0,"turns":1.0},{"damage":0.0,"enemies":"Gremlin Nob","floor":6.0,"turns":1.0},{"damage":4.0,"enemies":"Cultist","floor":7.0,"turns":5.0},{"damage":0.0,"enemies":"2 Fungi Beasts","floor":10.0,"turns":3.0},{"damage":27.0,"enemies":"3 Sentries","floor":14.0,"turns":10.0},{"damage":16.0,"enemies":"The Guardian","floor":16.0,"turns":10.0},{"damage":24.0,"enemies":"Chosen","floor":18.0,"turns":4.0},{"damage":7.0,"enemies":"Shell Parasite","floor":21.0,"turns":5.0},{"damage":3.0,"enemies":"Snake Plant","floor":24.0,"turns":4.0},{"damage":0.0,"enemies":"Snecko","floor":28.0,"turns":3.0},{"damage":6.0,"enemies":"Slavers","floor":29.0,"turns":5.0},{"damage":7.0,"enemies":"Sentry and Sphere","floor":31.0,"turns":5.0},{"damage":0,"enemies":"Automaton","floor":33,"turns":7},{"damage":0,"enemies":"Orb Walker","floor":35,"turns":2},{"damage":0,"enemies":"3 Shapes","floor":36,"turns":3},{"damage":21,"enemies":"Spire Growth","floor":38,"turns":4},{"damage":0,"enemies":"Transient","floor":39,"turns":6},{"damage":26,"enemies":"Reptomancer","floor":40,"turns":7},{"damage":0,"enemies":"4 Shapes","floor":44,"turns":4},{"damage":0,"enemies":"Nemesis","floor":45,"turns":5},{"damage":0,"enemies":"Spire Growth","floor":46,"turns":3},{"damage":60,"enemies":"Time Eater","floor":50,"turns":13},{"damage":8,"enemies":"Awakened One","floor":51,"turns":4},{"damage":0,"enemies":"Shield and Spear","floor":55,"turns":2},{"damage":47,"enemies":"The Heart","floor":56,"turns":7}],"seed_played":"-219009726995611561","potions_obtained":[{"floor":1.0,"key":"DistilledChaos"},{"floor":7.0,"key":"SpeedPotion"},{"floor":12.0,"key":"LiquidBronze"},{"floor":16.0,"key":"FairyPotion"},{"floor":21.0,"key":"CunningPotion"},{"floor":33,"key":"Dexterity Potion"},{"floor":46,"key":"GhostInAJar"}],"is_trial":false,"path_per_floor":["M","?","?","M","$","E","M","?","T","M","R","?","$","E","R","B",null,"M","?","?","M","$","R","M","R","T","$","M","E","T","M","R","B",null,"M","M","$","M","M","E","R","?","T","M","E","M","R","$","R","B","B",null,"R","$","E","B",null],"character_chosen":"THE_SILENT","basemod:card_modifiers":[null,null,null,null,null,null,null,null,null,null,null,null,null,null,null,null,null,null,null,null],"items_purchased":["Poisoned Stab","Orrery","Prepared"],"campfire_rested":0,"item_purchase_floors":[5,13,48],"current_hp_per_floor":[59,59,59,59,59,59,55,48,48,48,48,48,48,21,21,5,51,27,27,27,20,20,20,17,17,17,17,17,11,11,16,16,28,57,57,57,57,36,36,22,34,34,34,34,34,34,46,46,58,30,34,56,63,63,63,28],"gold":62,"neow_bonus":"THREE_ENEMY_KILL","is_prod":false,"is_daily":false,"chose_seed":false,"campfire_upgraded":8,"win_rate":0,"timestamp":1707674761,"path_taken":["M","?","?","M","$","E","M","?","T","M","R","?","$","E","R","BOSS","M","?","?","M","?","R","M","R","T","$","M","E","?","M","R","BOSS","M","M","$","M","M","E","R","?","T","M","E","M","R","$","R","BOSS","BOSS","R","$","E","BOSS"],"build_version":"2022-12-18","purchased_purges":5,"victory":true,"max_hp_per_floor":[66,66,66,66,66,66,66,66,66,66,66,66,66,66,66,66,66,66,66,66,66,66,66,66,66,66,66,66,66,66,66,66,66,66,66,66,66,66,66,66,66,63,63,63,63,63,63,63,63,63,63,63,63,63,63,63],"relic_stats":{"Gremlin Horn":[21,23],"counters":[26,124],"Shuriken":[52],"Mummified Hand":[16],"Pandora\u0027s Box":["Quick Slash","Tools of the Trade","Bullet Time","Poisoned Stab","Choke","Cloak And Dagger","Burst","Riddle With Holes"],"Eternal Feather":43,"Pen Nib":[2],"obtain_stats":[{"Lantern":30,"NeowsBlessing":0,"Gremlin Horn":6,"Eternal Feather":40,"Pen Nib":55,"Paper Crane":9,"Anchor":14,"Shuriken":26,"Mummified Hand":45,"Orrery":13,"Pandora\u0027s Box":17,"Philosopher\u0027s Stone":34,"Ring of the Snake":0,"Meat on the Bone":29},{"Lantern":12,"NeowsBlessing":0,"Gremlin Horn":3,"Eternal Feather":19,"Pen Nib":25,"Paper Crane":4,"Anchor":6,"Shuriken":10,"Mummified Hand":21,"Orrery":5,"Pandora\u0027s Box":7,"Philosopher\u0027s Stone":14,"Ring of the Snake":0,"Meat on the Bone":12},{"Lantern":52,"NeowsBlessing":0,"Gremlin Horn":3,"Eternal Feather":86,"Pen Nib":117,"Paper Crane":8,"Anchor":21,"Shuriken":44,"Mummified Hand":95,"Orrery":11,"Pandora\u0027s Box":31,"Philosopher\u0027s Stone":64,"Ring of the Snake":0,"Meat on the Bone":52}],"Ring of the Snake":[52],"Meat on the Bone":72},"card_choices":[{"not_picked":["Finisher","Sucker Punch","Backflip"],"picked":"SKIP","floor":1.0},{"not_picked":["Outmaneuver","PiercingWail"],"picked":"Well Laid Plans","floor":4.0},{"not_picked":["Underhanded Strike","Quick Slash"],"picked":"Dagger Spray","floor":6.0},{"not_picked":["Wraith Form v2","Deadly Poison","Caltrops"],"picked":"SKIP","floor":7.0},{"not_picked":["Deflect","Expertise","Masterful Stab"],"picked":"SKIP","floor":10.0},{"not_picked":["Cloak And Dagger","Dagger Spray"],"picked":"Escape Plan","floor":13.0},{"not_picked":["Blur","Sucker Punch"],"picked":"Acrobatics","floor":13.0},{"not_picked":["Prepared","Cloak And Dagger"],"picked":"Backflip","floor":13.0},{"not_picked":["Sucker Punch","Bane"],"picked":"Deadly Poison","floor":13.0},{"not_picked":["Expertise","Leg Sweep"],"picked":"Calculated Gamble","floor":14.0},{"not_picked":["Night Terror","Envenom"],"picked":"Adrenaline","floor":16.0},{"not_picked":["PiercingWail","Predator"],"picked":"Backflip","floor":18.0},{"not_picked":["Heel Hook","Predator","Deflect"],"picked":"SKIP","floor":21.0},{"not_picked":["Outmaneuver","Underhanded Strike"],"picked":"PiercingWail","floor":24.0},{"not_picked":["Backflip","Sucker Punch","Poisoned Stab"],"picked":"SKIP","floor":28.0},{"not_picked":["Flying Knee","Expertise+1","Accuracy"],"picked":"SKIP","floor":29.0},{"not_picked":["Flying Knee","Expertise+1","Accuracy"],"picked":"SKIP","floor":29.0},{"not_picked":["Riddle With Holes+1","Malaise"],"picked":"Tactician","floor":31.0},{"not_picked":["Night Terror","Storm of Steel"],"picked":"After Image","floor":33},{"not_picked":["Slice","Prepared","Escape Plan"],"picked":"SKIP","floor":35},{"not_picked":["PiercingWail","Deflect+1","Dagger Spray"],"picked":"SKIP","floor":36},{"not_picked":["Dagger Throw","Backflip","Flying Knee"],"picked":"SKIP","floor":38},{"not_picked":["Cloak And Dagger+1","Crippling Poison","Masterful Stab"],"picked":"SKIP","floor":39},{"not_picked":["Cloak And Dagger+1","Crippling Poison","Masterful Stab"],"picked":"SKIP","floor":39},{"not_picked":["Bane+1","Expertise","Malaise"],"picked":"SKIP","floor":40},{"not_picked":["Prepared","Well Laid Plans","Skewer"],"picked":"SKIP","floor":44},{"not_picked":["Poisoned Stab","Backstab","Cloak And Dagger+1"],"picked":"SKIP","floor":45},{"not_picked":["Blade Dance","Deflect","Dagger Throw+1"],"picked":"SKIP","floor":46},{"not_picked":["Bullet Time","Dagger Spray","Crippling Poison"],"picked":"SKIP","floor":55}],"player_experience":590987,"relics_obtained":[{"floor":6.0,"key":"Gremlin Horn"},{"floor":9.0,"key":"Paper Crane"},{"floor":14.0,"key":"Anchor"},{"floor":26.0,"key":"Shuriken"},{"floor":29.0,"key":"Meat on the Bone"},{"floor":30.0,"key":"Lantern"},{"floor":40,"key":"Eternal Feather"},{"floor":45,"key":"Mummified Hand"},{"floor":55,"key":"Pen Nib"}],"event_choices":[{"cards_removed":["Strike_G"],"damage_healed":0.0,"max_hp_gain":0.0,"max_hp_loss":0.0,"gold_gain":0.0,"event_name":"Living Wall","player_choice":"Forget","floor":2.0,"gold_loss":0.0,"damage_taken":0.0},{"damage_healed":0.0,"max_hp_gain":0.0,"max_hp_loss":0.0,"gold_gain":150.0,"event_name":"Liars Game","player_choice":"AGREE","floor":3.0,"gold_loss":0.0,"damage_taken":0.0,"cards_obtained":["Doubt"]},{"cards_removed":["Strike_G"],"damage_healed":0.0,"max_hp_gain":0.0,"max_hp_loss":0.0,"gold_gain":0.0,"event_name":"Golden Wing","player_choice":"Card Removal","floor":8.0,"gold_loss":0.0,"damage_taken":7.0},{"damage_healed":0.0,"max_hp_gain":0.0,"max_hp_loss":0.0,"gold_gain":0.0,"event_name":"The Woman in Blue","player_choice":"Bought 1 Potion","floor":12.0,"gold_loss":0.0,"damage_taken":0.0},{"cards_removed":["Riddle With Holes"],"damage_healed":0.0,"max_hp_gain":0.0,"max_hp_loss":0.0,"gold_gain":0.0,"event_name":"Back to Basics","player_choice":"Elegance","floor":19.0,"gold_loss":0.0,"damage_taken":0.0},{"damage_healed":0.0,"max_hp_gain":0.0,"max_hp_loss":0.0,"gold_gain":0.0,"event_name":"The Mausoleum","player_choice":"Ignored","floor":20.0,"gold_loss":0.0,"damage_taken":0.0},{"damage_healed":0,"gold_gain":0,"player_choice":"Max HP","damage_taken":0,"max_hp_gain":0,"max_hp_loss":3,"event_name":"Winding Halls","floor":42,"gold_loss":0}],"is_beta":false,"boss_relics":[{"not_picked":["Runic Dome","SlaversCollar"],"picked":"Pandora\u0027s Box"},{"not_picked":["Tiny House","Black Star"],"picked":"Philosopher\u0027s Stone"}],"items_purged_floors":[5,22,27,37,48],"is_endless":false,"potions_floor_spawned":[1,7,16,21,33,35,46],"ascension_level":20}