{"gold_per_floor":[116,134,134,148,148,148,177,194,494,524,536,567,597,379,379,476,526,537,414,434,450,450,450,468,468,494,310,310,342,361,361,361,460,460,479,479,1478,1498,1230,1230,1230,1256,1256,1206],"floor_reached":44,"playtime":1486,"items_purged":["Strike_P","Strike_P","Defend_P","Normality","Normality"],"score":689,"play_id":"37a6719e-b955-4642-a1ef-43d10560ae99","local_time":"20240212001317","is_ascension_mode":true,"campfire_choices":[{"data":"Eruption","floor":6.0,"key":"SMITH"},{"data":"Meditate","floor":11.0,"key":"SMITH"},{"data":"ForeignInfluence","floor":15.0,"key":"SMITH"},{"data":"Adaptation","floor":23,"key":"SMITH"},{"floor":25,"key":"REST"},{"data":"SpiritShield","floor":28,"key":"SMITH"},{"floor":32,"key":"REST"},{"floor":40,"key":"REST"}],"neow_cost":"PERCENT_DAMAGE","seed_source_timestamp":30074627195600,"circlet_count":0,"master_deck":["Strike_P+1","Strike_P+1","Defend_P+1","Defend_P+1","Eruption+1","Vigilance+1","SpiritShield+1","InnerPeace+1","Consecrate+1","Judgement+1","Meditate+1","ForeignInfluence+1","FearNoEvil+1","LessonLearned","Adaptation+1","Adaptation+1","Indignation+1","PanicButton","Deep Breath","Finesse"],"special_seed":0,"relics":["HolyWater","Matryoshka","MawBank","Old Coin","Membership Card","Tiny House","Medical Kit","Anchor","War Paint","Question Card","Smiling Mask","Meat on the Bone","Bag of Marbles","Vajra"],"potions_floor_usage":[16,16,20,21,29,33],"damage_taken":[{"damage":2.0,"enemies":"Jaw Worm","floor":1.0,"turns":3.0},{"damage":6.0,"enemies":"2 Louse","floor":2.0,"turns":4.0},{"damage":0.0,"enemies":"Cultist","floor":4.0,"turns":3.0},{"damage":7.0,"enemies":"Lagavulin","floor":7.0,"turns":7.0},{"damage":0.0,"enemies":"Large Slime","floor":8.0,"turns":2.0},{"damage":6.0,"enemies":"Looter","floor":10.0,"turns":3.0},{"damage":14.0,"enemies":"Lots of Slimes","floor":12.0,"turns":3.0},{"damage":1.0,"enemies":"Large Slime","floor":13.0,"turns":3.0},{"damage":10,"enemies":"The Guardian","floor":16,"turns":11},{"damage":0,"enemies":"Spheric Guardian","floor":18,"turns":1},{"damage":0,"enemies":"Chosen","floor":20,"turns":4},{"damage":15,"enemies":"Centurion and Healer","floor":21,"turns":8},{"damage":18,"enemies":"Cultist and Chosen","floor":24,"turns":6},{"damage":30,"enemies":"Gremlin Leader","floor":29,"turns":4},{"damage":2,"enemies":"Chosen and Byrds","floor":30,"turns":3},{"damage":18,"enemies":"Automaton","floor":33,"turns":9},{"damage":0,"enemies":"3 Darklings","floor":35,"turns":3},{"damage":3,"enemies":"3 Shapes","floor":38,"turns":4},{"damage":18,"enemies":"Nemesis","floor":42,"turns":6}],"seed_played":"6877908472993806822","potions_obtained":[{"floor":1.0,"key":"ColorlessPotion"},{"floor":4.0,"key":"Weak Potion"},{"floor":8.0,"key":"Dexterity Potion"},{"floor":12.0,"key":"CultistPotion"},{"floor":16,"key":"SmokeBomb"},{"floor":17,"key":"AttackPotion"},{"floor":18,"key":"DuplicationPotion"},{"floor":24,"key":"CultistPotion"},{"floor":30,"key":"Energy Potion"},{"floor":38,"key":"SteroidPotion"}],"is_trial":false,"path_per_floor":["M","M","?","M","?","R","E","M","T","M","R","M","M","$","R","B",null,"M","$","M","M","?","R","M","R","T","$","R","E","M","?","R","B",null,"M","?","?","M","$","R","?","E","T","$"],"character_chosen":"WATCHER","basemod:card_modifiers":[null,null,null,null,null,null,null,null,null,null,null,null,null,null,null,null,null,null,null,null],"items_purchased":["Membership Card","FearNoEvil","Medical Kit","Question Card","Meat on the Bone","Bag of Marbles","Strength Potion"],"campfire_rested":3,"item_purchase_floors":[14,14,19,27,39,39,39],"current_hp_per_floor":[45,39,39,39,39,39,32,32,32,26,26,12,11,11,11,1,59,59,59,59,44,44,44,26,49,49,49,49,19,17,17,40,22,63,63,63,63,60,60,77,67,49,49,49],"gold":1206,"neow_bonus":"THREE_RARE_CARDS","is_prod":false,"is_daily":false,"chose_seed":false,"campfire_upgraded":5,"win_rate":0,"timestamp":1707664397,"path_taken":["M","M","?","M","?","R","E","M","T","M","R","M","M","$","R","BOSS","M","$","M","?","?","R","M","R","T","$","R","E","M","?","R","BOSS","M","?","?","M","$","R","?","E","T","$"],"build_version":"2022-12-18","purchased_purges":5,"victory":false,"max_hp_per_floor":[72,72,72,72,72,72,72,72,72,72,72,72,72,72,72,72,77,77,77,77,77,77,77,77,77,77,77,77,77,77,77,77,77,77,77,77,77,77,77,77,77,77,77,77],"relic_stats":{"Matryoshka":2,"counters":[19,87],"HolyWater":[4],"Membership Card":759,"War Paint":["Judgement","Defend_P"],"MawBank":60,"Medical Kit":[5],"Question Card":9,"Smiling Mask":63,"obtain_stats":[{"Tiny House":17,"Vajra":42,"War Paint":26,"MawBank":9,"Medical Kit":19,"Question Card":27,"Smiling Mask":29,"Old Coin":9,"Anchor":26,"Matryoshka":7,"HolyWater":34,"Bag of Marbles":39,"Membership Card":14,"PureWater":0,"Meat on the Bone":39},{"Tiny House":9,"Vajra":19,"War Paint":13,"MawBank":5,"Medical Kit":10,"Question Card":13,"Smiling Mask":14,"Old Coin":5,"Anchor":13,"Matryoshka":4,"HolyWater":16,"Bag of Marbles":18,"Membership Card":8,"PureWater":0,"Meat on the Bone":18},{"Tiny House":39,"Vajra":87,"War Paint":58,"MawBank":19,"Medical Kit":40,"Question Card":58,"Smiling Mask":62,"Old Coin":19,"Anchor":58,"Matryoshka":17,"HolyWater":74,"Bag of Marbles":81,"Membership Card":28,"PureWater":0,"Meat on the Bone":81}],"Meat on the Bone":0},"card_choices":[{"not_picked":["Establishment","MasterReality"],"picked":"SpiritShield","floor":0.0},{"not_picked":["ReachHeaven","Meditate"],"picked":"InnerPeace","floor":1.0},{"not_picked":["PathToVictory","Evaluate","Conclude"],"picked":"SKIP","floor":2.0},{"not_picked":["SashWhip","FlyingSleeves"],"picked":"Consecrate","floor":4.0},{"not_picked":["JustLucky","BowlingBash"],"picked":"Judgement","floor":7.0},{"not_picked":["PathToVictory","Worship"],"picked":"Meditate","floor":8.0},{"not_picked":["Perseverance","JustLucky","ThirdEye"],"picked":"SKIP","floor":10.0},{"not_picked":["CutThroughFate","FlyingSleeves"],"picked":"ForeignInfluence","floor":12.0},{"not_picked":["LikeWater","Prostrate","WreathOfFlame"],"picked":"SKIP","floor":13.0},{"not_picked":["Devotion","Brilliance"],"picked":"LessonLearned","floor":16},{"not_picked":["ClearTheMind+1","SashWhip","Prostrate+1"],"picked":"SKIP","floor":18},{"not_picked":["Evaluate","Halt+1","Worship"],"picked":"SKIP","floor":20},{"not_picked":["Pray","ForeignInfluence"],"picked":"Adaptation","floor":21},{"not_picked":["Swivel","Consecrate","Wallop+1"],"picked":"SKIP","floor":24},{"not_picked":["Swivel","Consecrate","Wallop+1"],"picked":"SKIP","floor":24},{"not_picked":["Crescendo+1","WaveOfTheHand","LessonLearned","PathToVictory"],"picked":"SKIP","floor":29},{"not_picked":["Perseverance","WindmillStrike+1","Consecrate+1","Halt"],"picked":"SKIP","floor":30},{"not_picked":["SignatureMove+1","BowlingBash+1","JustLucky","PathToVictory+1"],"picked":"SKIP","floor":35},{"not_picked":["SignatureMove+1","BowlingBash+1","JustLucky","PathToVictory+1"],"picked":"SKIP","floor":35},{"not_picked":["EmptyFist","Prostrate","PathToVictory"],"picked":"Indignation+1","floor":38},{"not_picked":["Good Instincts","Swift Strike","Master of Strategy"],"picked":"PanicButton","floor":41},{"not_picked":["Apotheosis","Discovery","Panacea"],"picked":"Deep Breath","floor":41},{"not_picked":["Good Instincts","Madness","Enlightenment"],"picked":"Finesse","floor":41},{"not_picked":["EmptyBody","Study+1","FearNoEvil+1","ReachHeaven+1"],"picked":"SKIP","floor":42}],"player_experience":583827,"relics_obtained":[{"floor":7.0,"key":"Matryoshka"},{"floor":9.0,"key":"MawBank"},{"floor":9.0,"key":"Old Coin"},{"floor":26,"key":"Anchor"},{"floor":26,"key":"War Paint"},{"floor":29,"key":"Smiling Mask"},{"floor":42,"key":"Vajra"}],"event_choices":[{"cards_removed":["Defend_P"],"damage_healed":0.0,"max_hp_gain":0.0,"max_hp_loss":0.0,"gold_gain":0.0,"event_name":"Living Wall","player_choice":"Forget","floor":3.0,"gold_loss":0.0,"damage_taken":0.0},{"damage_healed":0.0,"max_hp_gain":0.0,"max_hp_loss":0.0,"gold_gain":0.0,"event_name":"The Woman in Blue","player_choice":"Bought 0 Potions","floor":5.0,"gold_loss":0.0,"damage_taken":0.0},{"damage_healed":0,"gold_gain":0,"player_choice":"Ignored","damage_taken":0,"max_hp_gain":0,"max_hp_loss":0,"event_name":"The Mausoleum","floor":22,"gold_loss":0},{"damage_healed":0,"gold_gain":0,"player_choice":"Read","damage_taken":0,"max_hp_gain":0,"max_hp_loss":0,"event_name":"The Library","floor":31,"gold_loss":0,"cards_obtained":["Adaptation"]},{"damage_healed":0,"gold_gain":0,"player_choice":"Ignored","damage_taken":0,"max_hp_gain":0,"max_hp_loss":0,"event_name":"Tomb of Lord Red Mask","floor":36,"gold_loss":0},{"damage_healed":0,"gold_gain":999,"player_choice":"Gold","damage_taken":0,"max_hp_gain":0,"max_hp_loss":0,"event_name":"MindBloom","floor":37,"gold_loss":0,"cards_obtained":["Normality","Normality"]},{"damage_healed":0,"gold_gain":0,"player_choice":"Memory 3","damage_taken":10,"max_hp_gain":0,"max_hp_loss":0,"event_name":"SensoryStone","floor":41,"gold_loss":0}],"is_beta":false,"boss_relics":[{"not_picked":["Sozu","Calling Bell"],"picked":"Tiny House"},{"not_picked":["Pandora\u0027s Box","Snecko Eye"],"picked":"HolyWater"}],"items_purged_floors":[14,19,27,39,44],"is_endless":false,"potions_floor_spawned":[1,4,8,12,16,18,24,30,38,42],"ascension_level":9}