{"gold_per_floor":[119,119,139,139,157,157,82,82,136,156,170,170,170,184],"floor_reached":14,"playtime":223,"items_purged":["Strike_G"],"score":164,"play_id":"d68bfe03-9da2-465c-b912-92cccaaf648b","local_time":"20240212031900","is_ascension_mode":true,"campfire_choices":[{"data":"Acrobatics","floor":6,"key":"SMITH"},{"data":"Reflex","floor":8,"key":"SMITH"}],"neow_cost":"PERCENT_DAMAGE","seed_source_timestamp":42687979276500,"circlet_count":0,"master_deck":["AscendersBane","Strike_G","Strike_G","Strike_G","Defend_G+1","Defend_G","Defend_G+1","Defend_G","Survivor","Neutralize","Reflex+1","Acrobatics+1","Poisoned Stab","Prepared"],"relics":["Ring of the Snake","Golden Idol","Orichalcum"],"potions_floor_usage":[],"damage_taken":[{"damage":0,"enemies":"Cultist","floor":1,"turns":4},{"damage":11,"enemies":"Jaw Worm","floor":3,"turns":7},{"damage":2,"enemies":"Small Slimes","floor":5,"turns":5},{"damage":1,"enemies":"Looter","floor":10,"turns":4},{"damage":6,"enemies":"Exordium Wildlife","floor":11,"turns":4},{"damage":8,"enemies":"3 Louse","floor":14,"turns":5}],"seed_played":"7162309362565719389","potions_obtained":[{"floor":3,"key":"Dexterity Potion"}],"is_trial":false,"path_per_floor":["M","T","M","?","M","R","$","R","T","M","M","?","?","M"],"character_chosen":"THE_SILENT","basemod:card_modifiers":[null,null,null,null,null,null,null,null,null,null,null,null,null,null],"items_purchased":[],"campfire_rested":0,"item_purchase_floors":[],"current_hp_per_floor":[44,44,33,33,31,31,31,31,31,30,24,44,26,18],"gold":184,"neow_bonus":"REMOVE_TWO","is_prod":false,"is_daily":false,"chose_seed":false,"campfire_upgraded":2,"win_rate":0,"timestamp":1707675540,"path_taken":["M","?","M","?","M","R","$","R","T","M","M","?","?","M"],"build_version":"2022-12-18","purchased_purges":1,"victory":false,"max_hp_per_floor":[66,66,66,60,60,60,60,60,60,60,60,60,60,60],"relic_stats":{"counters":[6,29],"Golden Idol":14,"Orichalcum":[30],"obtain_stats":[{"Golden Idol":4,"Orichalcum":9,"Ring of the Snake":0},{"Golden Idol":2,"Orichalcum":3,"Ring of the Snake":0},{"Golden Idol":11,"Orichalcum":16,"Ring of the Snake":0}],"Ring of the Snake":[12]},"card_choices":[{"not_picked":["Sucker Punch","Prepared"],"picked":"Reflex","floor":1},{"not_picked":["Calculated Gamble","Backflip"],"picked":"Acrobatics","floor":3},{"not_picked":["Leg Sweep","Cloak And Dagger"],"picked":"Poisoned Stab","floor":5},{"not_picked":["Heel Hook","Night Terror"],"picked":"Prepared","floor":10},{"not_picked":["Backflip","Prepared","Slice"],"picked":"SKIP","floor":11},{"not_picked":["Outmaneuver","Acrobatics","Finisher"],"picked":"SKIP","floor":14}],"player_experience":595107,"relics_obtained":[{"floor":9,"key":"Orichalcum"}],"event_choices":[{"damage_healed":0,"gold_gain":0,"player_choice":"Lose Max HP","damage_taken":0,"relics_obtained":["Golden Idol"],"max_hp_gain":0,"max_hp_loss":6,"event_name":"Golden Idol","floor":4,"gold_loss":0},{"damage_healed":20,"gold_gain":0,"player_choice":"Banana","damage_taken":0,"max_hp_gain":0,"max_hp_loss":0,"event_name":"Big Fish","floor":12,"gold_loss":0},{"damage_healed":0,"gold_gain":0,"player_choice":"Entered Light","damage_taken":18,"max_hp_gain":0,"max_hp_loss":0,"event_name":"Shining Light","floor":13,"gold_loss":0,"cards_upgraded":["Defend_G","Defend_G"]}],"is_beta":false,"boss_relics":[],"items_purged_floors":[7],"is_endless":false,"potions_floor_spawned":[3],"killed_by":"3 Louse","ascension_level":20}