{"gold_per_floor":[111,123,136,211,136,136,136,149,174,188,88,88],"floor_reached":12,"playtime":122,"items_purged":["Strike_G","Strike_G"],"score":140,"play_id":"aefb91c9-8808-450c-9883-726f88d9ab40","local_time":"20240212032107","is_ascension_mode":true,"campfire_choices":[{"data":"Noxious Fumes","floor":6,"key":"SMITH"}],"neow_cost":"NONE","seed_source_timestamp":42916768555400,"circlet_count":0,"master_deck":["AscendersBane","Strike_G","Strike_G","Strike_G","Defend_G","Defend_G","Defend_G","Defend_G","Defend_G","Survivor","Neutralize","Noxious Fumes+1","Flying Knee","Poisoned Stab","Backstab"],"relics":["Ring of the Snake","NeowsBlessing","Golden Idol","Orichalcum"],"potions_floor_usage":[],"damage_taken":[{"damage":0,"enemies":"Cultist","floor":1,"turns":1},{"damage":0,"enemies":"Small Slimes","floor":2,"turns":1},{"damage":0,"enemies":"Jaw Worm","floor":3,"turns":1},{"damage":7,"enemies":"Large Slime","floor":8,"turns":5},{"damage":8,"enemies":"Blue Slaver","floor":10,"turns":5},{"damage":14,"enemies":"Gremlin Nob","floor":12,"turns":3}],"seed_played":"-294594518653450762","potions_obtained":[{"floor":8,"key":"Energy Potion"}],"is_trial":false,"path_per_floor":["M","M","M","?","$","R","?","M","T","M","$","E"],"character_chosen":"THE_SILENT","basemod:card_modifiers":[null,null,null,null,null,null,null,null,null,null,null,null,null,null,null],"items_purchased":[],"campfire_rested":0,"item_purchase_floors":[],"current_hp_per_floor":[59,59,59,48,48,48,25,18,18,10,10,0],"gold":88,"neow_bonus":"THREE_ENEMY_KILL","is_prod":false,"is_daily":false,"chose_seed":false,"campfire_upgraded":1,"win_rate":0,"timestamp":1707675667,"path_taken":["M","M","?","?","?","R","?","M","T","?","$","E"],"build_version":"2022-12-18","purchased_purges":2,"victory":false,"max_hp_per_floor":[66,66,66,66,66,66,66,66,66,66,66,66],"relic_stats":{"counters":[6,16],"Golden Idol":6,"Orichalcum":[24],"obtain_stats":[{"NeowsBlessing":0,"Golden Idol":7,"Orichalcum":9,"Ring of the Snake":0},{"NeowsBlessing":0,"Golden Idol":3,"Orichalcum":4,"Ring of the Snake":0},{"NeowsBlessing":0,"Golden Idol":3,"Orichalcum":8,"Ring of the Snake":0}],"Ring of the Snake":[12]},"card_choices":[{"not_picked":["Quick Slash","Slice"],"picked":"Noxious Fumes","floor":1},{"not_picked":["Sucker Punch","Cloak And Dagger","Doppelganger"],"picked":"SKIP","floor":2},{"not_picked":["Dodge and Roll","Dagger Spray"],"picked":"Flying Knee","floor":3},{"not_picked":["Cloak And Dagger","Choke"],"picked":"Poisoned Stab","floor":8},{"not_picked":["Outmaneuver","Slice"],"picked":"Backstab","floor":10}],"player_experience":595330,"relics_obtained":[{"floor":9,"key":"Orichalcum"}],"event_choices":[{"damage_healed":0,"gold_gain":75,"player_choice":"Gather Gold","damage_taken":11,"max_hp_gain":0,"max_hp_loss":0,"event_name":"World of Goop","floor":4,"gold_loss":0},{"damage_healed":0,"gold_gain":0,"player_choice":"Take Damage","damage_taken":23,"relics_obtained":["Golden Idol"],"max_hp_gain":0,"max_hp_loss":0,"event_name":"Golden Idol","floor":7,"gold_loss":0}],"is_beta":false,"boss_relics":[],"items_purged_floors":[5,11],"is_endless":false,"potions_floor_spawned":[8],"killed_by":"Gremlin Nob","ascension_level":20}