{"gold_per_floor":[110,125,125,125,125,158,158,171,171,191,210,210],"floor_reached":12,"playtime":186,"items_purged":[],"score":210,"play_id":"34125937-cfe2-4d6b-827c-0eaffcdf7f22","local_time":"20240211154720","is_ascension_mode":true,"campfire_choices":[{"data":"Tactician","floor":7,"key":"SMITH"}],"neow_cost":"NONE","seed_source_timestamp":1200341223500,"circlet_count":0,"master_deck":["AscendersBane","Strike_G","Strike_G","Strike_G","Strike_G","Strike_G","Defend_G","Defend_G","Defend_G","Defend_G","Defend_G","Survivor","Neutralize","Tactician+1","Predator","Calculated Gamble","Heel Hook","Escape Plan"],"special_seed":0,"relics":["Ring of the Snake","NeowsBlessing","White Beast Statue","Smiling Mask","Strawberry"],"potions_floor_usage":[12],"damage_taken":[{"damage":0.0,"enemies":"Small Slimes","floor":1.0,"turns":1.0},{"damage":0.0,"enemies":"Jaw Worm","floor":2.0,"turns":1.0},{"damage":0,"enemies":"Lagavulin","floor":6,"turns":1},{"damage":0,"enemies":"Cultist","floor":8,"turns":4},{"damage":5,"enemies":"3 Louse","floor":10,"turns":4},{"damage":16,"enemies":"Exordium Wildlife","floor":11,"turns":6},{"damage":34,"enemies":"Gremlin Nob","floor":12,"turns":3}],"seed_played":"3153354330292333396","potions_obtained":[{"floor":6,"key":"BlessingOfTheForge"},{"floor":8,"key":"Weak Potion"},{"floor":10,"key":"Swift Potion"},{"floor":11,"key":"AttackPotion"}],"is_trial":false,"path_per_floor":["M","M","?","$","?","E","R","M","T","M","M","E"],"character_chosen":"THE_SILENT","basemod:card_modifiers":[null,null,null,null,null,null,null,null,null,null,null,null,null,null,null,null,null,null],"items_purchased":[],"campfire_rested":0,"item_purchase_floors":[],"current_hp_per_floor":[59,59,41,41,41,41,41,41,48,43,27,0],"gold":210,"neow_bonus":"THREE_ENEMY_KILL","is_prod":false,"is_daily":false,"chose_seed":false,"campfire_upgraded":1,"win_rate":0,"timestamp":1707634040,"path_taken":["M","M","?","$","?","E","R","M","T","?","M","E"],"build_version":"2022-12-18","purchased_purges":0,"victory":false,"max_hp_per_floor":[66,66,66,66,66,66,66,66,73,73,73,73],"relic_stats":{"counters":[7,20],"Smiling Mask":0,"obtain_stats":[{"NeowsBlessing":0,"Strawberry":9,"Smiling Mask":6,"White Beast Statue":3,"Ring of the Snake":0},{"NeowsBlessing":0,"Strawberry":4,"Smiling Mask":3,"White Beast Statue":2,"Ring of the Snake":0},{"NeowsBlessing":0,"Strawberry":7,"Smiling Mask":3,"White Beast Statue":2,"Ring of the Snake":0}],"White Beast Statue":[0.0,0.0,0.03600000000000001,0.0,0.3480000000000001,0.0,0.49360000000000015,0.0,0.12000000000000004,0.0,0.002400000000000001,2.2952000000000004],"Ring of the Snake":[14]},"card_choices":[{"not_picked":["Deflect","Heel Hook"],"picked":"Tactician","floor":1.0},{"not_picked":["Noxious Fumes","Finisher","Riddle With Holes"],"picked":"SKIP","floor":2.0},{"not_picked":["Poisoned Stab","Dodge and Roll"],"picked":"Predator","floor":6},{"not_picked":["Backflip","Distraction"],"picked":"Calculated Gamble","floor":8},{"not_picked":["Envenom","Noxious Fumes"],"picked":"Heel Hook","floor":10},{"not_picked":["Underhanded Strike","Backflip"],"picked":"Escape Plan","floor":11}],"player_experience":574603,"relics_obtained":[{"floor":6,"key":"Smiling Mask"},{"floor":9,"key":"Strawberry"}],"event_choices":[{"damage_healed":0.0,"max_hp_gain":0.0,"max_hp_loss":0.0,"gold_gain":0.0,"event_name":"Scrap Ooze","player_choice":"Success","floor":3.0,"gold_loss":0.0,"damage_taken":18.0,"relics_obtained":["White Beast Statue"]},{"damage_healed":0,"gold_gain":0,"player_choice":"0 cards matched","damage_taken":0,"max_hp_gain":0,"max_hp_loss":0,"event_name":"Match and Keep!","floor":5,"gold_loss":0,"cards_obtained":[]}],"is_beta":false,"boss_relics":[],"items_purged_floors":[],"is_endless":false,"potions_floor_spawned":[6,8,10,11],"killed_by":"Gremlin Nob","ascension_level":20}