{"gold_per_floor":[217,217,232,232,108,108,139,155,182,182,134,159,170,190,190,286,286,302,322,86,98,108,136,136,164,238,238,338,353,363,393,393,393],"floor_reached":33,"playtime":881,"items_purged":["Strike_B","Strike_B"],"score":491,"play_id":"1d349621-f5f6-4cad-aefe-1941c64eabf3","local_time":"20240220013519","is_ascension_mode":true,"campfire_choices":[{"data":"Barrage","floor":6.0,"key":"SMITH"},{"data":"Zap","floor":10.0,"key":"SMITH"},{"data":"Beam Cell","floor":15.0,"key":"SMITH"},{"floor":24.0,"key":"REST"},{"floor":27,"key":"REST"},{"floor":32,"key":"REST"}],"neow_cost":"NONE","seed_source_timestamp":13461561898400,"circlet_count":0,"master_deck":["AscendersBane","Strike_B","Strike_B+1","Defend_B","Defend_B","Defend_B","Defend_B","Zap+1","Dualcast","Ball Lightning+1","Barrage+1","Rip and Tear","Compile Driver","Beam Cell+1","Reinforced Body","Self Repair","Seek","Turbo+1","Echo Form","FTL","Force Field","Skim","Defragment+1","Electrodynamics+1"],"special_seed":0,"relics":["Cracked Core","Akabeko","Vajra","Question Card","Nuclear Battery","Boot","Frozen Egg 2","InkBottle","Toy Ornithopter"],"potions_floor_usage":[31,31,33],"damage_taken":[{"damage":2.0,"enemies":"Jaw Worm","floor":1.0,"turns":3.0},{"damage":3.0,"enemies":"2 Louse","floor":3.0,"turns":2.0},{"damage":16.0,"enemies":"Gremlin Nob","floor":7.0,"turns":3.0},{"damage":0.0,"enemies":"Cultist","floor":8.0,"turns":1.0},{"damage":25.0,"enemies":"Lagavulin","floor":12.0,"turns":6.0},{"damage":0.0,"enemies":"2 Fungi Beasts","floor":13.0,"turns":2.0},{"damage":0.0,"enemies":"Looter","floor":14.0,"turns":2.0},{"damage":2.0,"enemies":"Hexaghost","floor":16.0,"turns":7.0},{"damage":0.0,"enemies":"Chosen","floor":18.0,"turns":2.0},{"damage":22.0,"enemies":"Shell Parasite","floor":19.0,"turns":4.0},{"damage":2.0,"enemies":"Chosen and Byrds","floor":21.0,"turns":6.0},{"damage":10.0,"enemies":"Snecko","floor":22.0,"turns":4.0},{"damage":41.0,"enemies":"Gremlin Leader","floor":23.0,"turns":7.0},{"damage":30,"enemies":"Book of Stabbing","floor":25,"turns":4},{"damage":18,"enemies":"Sentry and Sphere","floor":29,"turns":5},{"damage":23,"enemies":"3 Cultists","floor":30,"turns":5},{"damage":16,"enemies":"Slavers","floor":31,"turns":6},{"damage":49,"enemies":"Champ","floor":33,"turns":6}],"seed_played":"3663064088720192267","potions_obtained":[{"floor":3.0,"key":"DistilledChaos"},{"floor":8.0,"key":"SmokeBomb"},{"floor":12.0,"key":"SkillPotion"},{"floor":25,"key":"SteroidPotion"},{"floor":29,"key":"EssenceOfSteel"},{"floor":31,"key":"BlessingOfTheForge"}],"is_trial":false,"path_per_floor":["M","?","M","?","$","R","E","M","T","R","$","E","M","M","R","B",null,"M","M","$","M","M","E","R","E","T","R","?","M","M","E","R","B"],"character_chosen":"DEFECT","basemod:card_modifiers":[null,null,null,null,null,null,null,null,null,null,null,null,null,null,null,null,null,null,null,null,null,null,null,null],"items_purchased":["Barrage","Strength Potion","Echo Form"],"campfire_rested":3,"item_purchase_floors":[5,11,20],"current_hp_per_floor":[66,51,48,48,48,48,32,32,32,32,32,7,7,7,7,12,59,59,44,44,56,53,26,48,25,25,47,47,36,20,18,40,0],"gold":393,"neow_bonus":"HUNDRED_GOLD","is_prod":false,"is_daily":false,"chose_seed":false,"campfire_upgraded":3,"win_rate":0,"timestamp":1708360519,"path_taken":["M","?","M","?","$","R","E","M","T","R","?","E","M","?","R","BOSS","M","M","$","M","M","E","R","E","T","R","?","M","M","E","R","BOSS"],"build_version":"2022-12-18","purchased_purges":2,"victory":false,"max_hp_per_floor":[75,75,75,75,75,75,75,75,75,75,75,75,75,75,75,75,75,75,75,75,75,75,75,75,75,75,75,75,75,75,75,75,75],"relic_stats":{"counters":[18,75],"Question Card":12,"Boot":[13],"obtain_stats":[{"Vajra":9,"Frozen Egg 2":25,"Cracked Core":0,"Question Card":12,"Boot":23,"Akabeko":7,"InkBottle":26,"Toy Ornithopter":31,"Nuclear Battery":17},{"Vajra":4,"Frozen Egg 2":14,"Cracked Core":0,"Question Card":5,"Boot":13,"Akabeko":3,"InkBottle":14,"Toy Ornithopter":17,"Nuclear Battery":8},{"Vajra":9,"Frozen Egg 2":53,"Cracked Core":0,"Question Card":15,"Boot":49,"Akabeko":8,"InkBottle":53,"Toy Ornithopter":69,"Nuclear Battery":26}],"InkBottle":[9],"Toy Ornithopter":5},"card_choices":[{"not_picked":["Steam","Reinforced Body"],"picked":"Ball Lightning","floor":1.0},{"not_picked":["Defragment","Auto Shields","Skim"],"picked":"SKIP","floor":3.0},{"not_picked":["Barrage","Skim"],"picked":"Rip and Tear","floor":7.0},{"not_picked":["Steam","Turbo"],"picked":"Compile Driver","floor":8.0},{"not_picked":["Streamline","Conserve Battery"],"picked":"Beam Cell","floor":12.0},{"not_picked":["Streamline","Turbo","Auto Shields"],"picked":"Reinforced Body","floor":13.0},{"not_picked":["Buffer","Go for the Eyes","Compile Driver"],"picked":"Self Repair","floor":14.0},{"not_picked":["Amplify","All For One","Buffer"],"picked":"Seek","floor":16.0},{"not_picked":["Leap+1","Coolheaded","Hello World"],"picked":"Turbo+1","floor":18.0},{"not_picked":["Reinforced Body","Rebound+1","Beam Cell+1","Sweeping Beam+1"],"picked":"SKIP","floor":19.0},{"not_picked":["White Noise+1","Reprogram+1","Streamline","Multi-Cast"],"picked":"SKIP","floor":21.0},{"not_picked":["Static Discharge","Double Energy+1","Storm"],"picked":"FTL","floor":22.0},{"not_picked":["Coolheaded","Hologram+1","Cold Snap+1"],"picked":"Force Field","floor":23.0},{"not_picked":["BootSequence","Barrage","Ball Lightning+1","Stack"],"picked":"SKIP","floor":25},{"not_picked":["Gash+1","Ball Lightning","Sweeping Beam"],"picked":"Skim","floor":29},{"not_picked":["Hologram","Go for the Eyes","BootSequence"],"picked":"Defragment+1","floor":30},{"not_picked":["Compile Driver","Ball Lightning","Leap"],"picked":"Electrodynamics+1","floor":31}],"player_experience":617127,"relics_obtained":[{"floor":7.0,"key":"Akabeko"},{"floor":9.0,"key":"Vajra"},{"floor":12.0,"key":"Question Card"},{"floor":23.0,"key":"Boot"},{"floor":25,"key":"Frozen Egg 2"},{"floor":26,"key":"InkBottle"},{"floor":31,"key":"Toy Ornithopter"}],"event_choices":[{"damage_healed":0.0,"max_hp_gain":0.0,"max_hp_loss":0.0,"gold_gain":0.0,"event_name":"Shining Light","player_choice":"Entered Light","floor":2.0,"gold_loss":0.0,"damage_taken":15.0,"cards_upgraded":["Ball Lightning","Strike_B"]},{"damage_healed":0.0,"max_hp_gain":0.0,"max_hp_loss":0.0,"gold_gain":0.0,"event_name":"Liars Game","player_choice":"Ignored","floor":4.0,"gold_loss":0.0,"damage_taken":0.0},{"damage_healed":0,"gold_gain":100,"player_choice":"Pray","damage_taken":0,"max_hp_gain":0,"max_hp_loss":0,"event_name":"Golden Shrine","floor":28,"gold_loss":0}],"is_beta":false,"boss_relics":[{"not_picked":["Calling Bell","Busted Crown"],"picked":"Nuclear Battery"}],"items_purged_floors":[5,20],"is_endless":false,"potions_floor_spawned":[3,8,12,25,29,30,31],"killed_by":"Champ","ascension_level":11}