{"gold_per_floor":[115,132,145,220,145,145,172,223,246,246,3,3,17,45,45,116,116,126,146,160,160,174,174,202,117,144,144,144,159,159,172,172,250,250,261,279,279,326,326,326,340,189,238,249,249],"floor_reached":45,"playtime":1280,"items_purged":["Defend_G","Defend_G"],"score":886,"play_id":"9504eee9-07a7-4d92-8f01-0451395bfca6","local_time":"20240218032728","is_ascension_mode":true,"campfire_choices":[{"data":"Blade Dance","floor":6.0,"key":"SMITH"},{"floor":12.0,"key":"REST"},{"data":"Dash","floor":15.0,"key":"SMITH"},{"data":"Prepared","floor":23.0,"key":"SMITH"},{"floor":30.0,"key":"REST"},{"data":"Well Laid Plans","floor":32.0,"key":"SMITH"},{"data":"Acrobatics","floor":40.0,"key":"SMITH"}],"neow_cost":"NONE","seed_source_timestamp":0,"circlet_count":0,"master_deck":["AscendersBane","Defend_G","Defend_G","Survivor","Neutralize","Escape Plan","Blade Dance+1","Slice","Dash+1","Dagger Throw","Eviscerate","Prepared+1","Masterful Stab","Bouncing Flask","Backflip","Well Laid Plans+1","Adrenaline","Acrobatics+1","Backflip+1","Acrobatics"],"special_seed":0,"relics":["Ring of the Snake","NeowsBlessing","Pen Nib","Toy Ornithopter","Vajra","Meat on the Bone","Empty Cage","Potion Belt","Happy Flower","Omamori","HoveringKite","Mango"],"potions_floor_usage":[],"damage_taken":[{"damage":0.0,"enemies":"Jaw Worm","floor":1.0,"turns":1.0},{"damage":0.0,"enemies":"Small Slimes","floor":2.0,"turns":1.0},{"damage":0.0,"enemies":"2 Louse","floor":3.0,"turns":1.0},{"damage":41.0,"enemies":"Gremlin Nob","floor":7.0,"turns":4.0},{"damage":4.0,"enemies":"Exordium Thugs","floor":13.0,"turns":4.0},{"damage":22.0,"enemies":"Lagavulin","floor":14.0,"turns":5.0},{"damage":1.0,"enemies":"Hexaghost","floor":16.0,"turns":9.0},{"damage":11.0,"enemies":"Shell Parasite","floor":18.0,"turns":6.0},{"damage":7.0,"enemies":"2 Thieves","floor":19.0,"turns":4.0},{"damage":0.0,"enemies":"Centurion and Healer","floor":20.0,"turns":6.0},{"damage":24.0,"enemies":"Snake Plant","floor":22.0,"turns":4.0},{"damage":33.0,"enemies":"Gremlin Leader","floor":24.0,"turns":6.0},{"damage":22.0,"enemies":"Snecko","floor":29.0,"turns":5.0},{"damage":4.0,"enemies":"Centurion and Healer","floor":31.0,"turns":4.0},{"damage":38.0,"enemies":"Automaton","floor":33.0,"turns":11.0},{"damage":0.0,"enemies":"Orb Walker","floor":35.0,"turns":1.0},{"damage":0.0,"enemies":"3 Shapes","floor":36.0,"turns":3.0},{"damage":12.0,"enemies":"2 Orb Walkers","floor":38.0,"turns":4.0},{"damage":0.0,"enemies":"Writhing Mass","floor":41.0,"turns":7.0},{"damage":0.0,"enemies":"Jaw Worm Horde","floor":44.0,"turns":2.0},{"damage":0,"enemies":"Transient","floor":45,"turns":1}],"seed_played":"38264067956503821","potions_obtained":[{"floor":3.0,"key":"DistilledChaos"},{"floor":7.0,"key":"Fire Potion"},{"floor":14.0,"key":"ColorlessPotion"},{"floor":16.0,"key":"Block Potion"},{"floor":19.0,"key":"GamblersBrew"},{"floor":21.0,"key":"EntropicBrew"},{"floor":21.0,"key":"GamblersBrew"},{"floor":22.0,"key":"Energy Potion"},{"floor":29.0,"key":"Dexterity Potion"},{"floor":31.0,"key":"LiquidBronze"},{"floor":35.0,"key":"GamblersBrew"},{"floor":36.0,"key":"Fire Potion"},{"floor":38.0,"key":"Strength Potion"}],"is_trial":false,"path_per_floor":["M","M","M","?","?","R","E","?","T","?","$","R","M","E","R","B",null,"M","M","M","?","M","R","E","?","T","?","?","M","R","M","R","B",null,"M","M","?","?","?","R","M","$","T","M","M"],"character_chosen":"THE_SILENT","basemod:card_modifiers":[null,null,null,null,null,null,null,null,null,null,null,null,null,null,null,null,null,null,null,null],"items_purchased":["Vajra","Acrobatics"],"campfire_rested":2,"item_purchase_floors":[11,42],"current_hp_per_floor":[59,59,59,48,48,48,7,7,7,29,29,48,44,22,22,38,59,48,46,46,51,39,39,23,23,23,23,23,13,32,40,40,24,56,56,56,56,63,63,63,63,63,63,63,63],"gold":249,"neow_bonus":"THREE_ENEMY_KILL","is_prod":false,"is_daily":false,"chose_seed":false,"campfire_upgraded":5,"win_rate":0,"timestamp":1708194448,"path_taken":["M","M","M","?","?","R","E","?","T","?","?","R","M","E","R","BOSS","M","M","M","?","?","R","E","?","T","?","?","M","R","M","R","BOSS","M","M","?","?","?","R","M","$","T","M","?"],"build_version":"2022-12-18","purchased_purges":2,"victory":false,"max_hp_per_floor":[66,66,66,66,66,66,66,66,66,66,66,66,66,66,66,66,66,66,66,66,66,66,66,66,66,66,66,66,66,66,66,66,66,66,66,66,66,80,80,80,80,80,80,80,80],"relic_stats":{"Happy Flower":[12],"counters":[21,89],"HoveringKite":[15],"Pen Nib":[31],"Omamori":1,"obtain_stats":[{"Potion Belt":24,"NeowsBlessing":0,"Happy Flower":25,"Vajra":11,"HoveringKite":34,"Mango":38,"Pen Nib":7,"Omamori":26,"Empty Cage":17,"Toy Ornithopter":9,"Ring of the Snake":0,"Meat on the Bone":14},{"Potion Belt":12,"NeowsBlessing":0,"Happy Flower":12,"Vajra":4,"HoveringKite":15,"Mango":18,"Pen Nib":4,"Omamori":12,"Empty Cage":7,"Toy Ornithopter":4,"Ring of the Snake":0,"Meat on the Bone":6},{"Potion Belt":51,"NeowsBlessing":0,"Happy Flower":51,"Vajra":7,"HoveringKite":71,"Mango":79,"Pen Nib":7,"Omamori":51,"Empty Cage":25,"Toy Ornithopter":7,"Ring of the Snake":0,"Meat on the Bone":16}],"Toy Ornithopter":35,"Ring of the Snake":[42],"Meat on the Bone":72},"card_choices":[{"not_picked":["Slice","All Out Attack"],"picked":"Escape Plan","floor":1.0},{"not_picked":["Well Laid Plans","Tactician"],"picked":"Blade Dance","floor":2.0},{"not_picked":["Distraction","Concentrate"],"picked":"Slice","floor":3.0},{"not_picked":["Slice","Dagger Spray"],"picked":"Dash","floor":7.0},{"not_picked":["Acrobatics","Choke"],"picked":"Dagger Throw","floor":13.0},{"not_picked":["Dagger Spray","Dash","Bullet Time"],"picked":"SKIP","floor":14.0},{"not_picked":["Deflect","Crippling Poison","PiercingWail"],"picked":"SKIP","floor":18.0},{"not_picked":["Choke+1","Deadly Poison"],"picked":"Eviscerate","floor":19.0},{"not_picked":["Heel Hook","Dash"],"picked":"Prepared","floor":20.0},{"not_picked":["Dagger Throw","Cloak And Dagger","Burst"],"picked":"SKIP","floor":22.0},{"not_picked":["Crippling Poison","PiercingWail","Dodge and Roll"],"picked":"SKIP","floor":24.0},{"not_picked":["Dagger Spray","Quick Slash"],"picked":"Backflip","floor":29.0},{"not_picked":["Slice+1","Dagger Throw+1"],"picked":"Well Laid Plans","floor":31.0},{"not_picked":["Venomology","Storm of Steel"],"picked":"Adrenaline","floor":33.0},{"not_picked":["Setup+1","Accuracy"],"picked":"Acrobatics","floor":35.0},{"not_picked":["Backstab","Deadly Poison","Blur"],"picked":"SKIP","floor":36.0},{"not_picked":["Bane+1","PiercingWail"],"picked":"Backflip+1","floor":38.0},{"not_picked":["Bane","Dodge and Roll+1","Dagger Spray"],"picked":"SKIP","floor":41.0},{"not_picked":["Finisher+1","Masterful Stab","Poisoned Stab"],"picked":"SKIP","floor":44.0}],"player_experience":604749,"relics_obtained":[{"floor":7.0,"key":"Pen Nib"},{"floor":9.0,"key":"Toy Ornithopter"},{"floor":14.0,"key":"Meat on the Bone"},{"floor":24.0,"key":"Potion Belt"},{"floor":26.0,"key":"Omamori"},{"floor":38.0,"key":"Mango"}],"event_choices":[{"damage_healed":0.0,"max_hp_gain":0.0,"max_hp_loss":0.0,"gold_gain":75.0,"event_name":"World of Goop","player_choice":"Gather Gold","floor":4.0,"gold_loss":0.0,"damage_taken":11.0},{"cards_removed":["Strike_G"],"damage_healed":0.0,"max_hp_gain":0.0,"max_hp_loss":0.0,"gold_gain":0.0,"event_name":"The Cleric","player_choice":"Card Removal","floor":5.0,"gold_loss":75.0,"damage_taken":0.0},{"damage_healed":0.0,"max_hp_gain":0.0,"max_hp_loss":0.0,"gold_gain":51.0,"event_name":"Golden Wing","player_choice":"Gained Gold","floor":8.0,"gold_loss":0.0,"damage_taken":0.0},{"damage_healed":22.0,"max_hp_gain":0.0,"max_hp_loss":0.0,"gold_gain":0.0,"event_name":"Big Fish","player_choice":"Banana","floor":10.0,"gold_loss":0.0,"damage_taken":0.0},{"damage_healed":0.0,"max_hp_gain":0.0,"max_hp_loss":0.0,"gold_gain":0.0,"event_name":"Lab","player_choice":"Got Potions","floor":21.0,"gold_loss":0.0,"damage_taken":0.0},{"damage_healed":0.0,"max_hp_gain":0.0,"max_hp_loss":0.0,"gold_gain":0.0,"event_name":"Addict","player_choice":"Obtained Relic","floor":25.0,"gold_loss":85.0,"damage_taken":0.0,"relics_obtained":["Happy Flower"]},{"damage_healed":0.0,"max_hp_gain":0.0,"max_hp_loss":0.0,"gold_gain":0.0,"cards_transformed":["Strike_G","Defend_G"],"event_name":"Drug Dealer","player_choice":"Became Test Subject","floor":27.0,"gold_loss":0.0,"damage_taken":0.0,"cards_obtained":["Masterful Stab","Bouncing Flask"]},{"damage_healed":0.0,"max_hp_gain":0.0,"max_hp_loss":0.0,"gold_gain":0.0,"event_name":"Forgotten Altar","player_choice":"Smashed Altar","floor":28.0,"gold_loss":0.0,"damage_taken":0.0,"cards_obtained":["Decay"]},{"damage_healed":0.0,"max_hp_gain":0.0,"max_hp_loss":0.0,"gold_gain":0.0,"event_name":"Tomb of Lord Red Mask","player_choice":"Ignored","floor":37.0,"gold_loss":0.0,"damage_taken":0.0},{"damage_healed":0.0,"max_hp_gain":0.0,"max_hp_loss":0.0,"gold_gain":0.0,"event_name":"Mysterious Sphere","player_choice":"Fight","floor":38.0,"gold_loss":0.0,"damage_taken":0.0},{"cards_removed":["Strike_G"],"damage_healed":0.0,"max_hp_gain":0.0,"max_hp_loss":0.0,"gold_gain":0.0,"event_name":"Wheel of Change","player_choice":"Card Removal","floor":39.0,"gold_loss":0.0,"damage_taken":0.0}],"is_beta":false,"boss_relics":[{"not_picked":["Philosopher\u0027s Stone","WristBlade"],"picked":"Empty Cage"},{"not_picked":["Snecko Eye","Black Star"],"picked":"HoveringKite"}],"items_purged_floors":[11,42],"is_endless":false,"potions_floor_spawned":[3,7,14,16,19,22,29,31,35,36,38],"killed_by":"Transient","ascension_level":20}