{"gold_per_floor":[113,113,132,57,69,69,100,116,116,136,154,185,185,214,226,343,355,378,243,153,170,189,189],"floor_reached":23,"playtime":921,"items_purged":["Pain","Defend_B"],"score":328,"play_id":"20c9cb41-21dd-4cbb-bc59-346f529748ef","local_time":"20240320013107","is_ascension_mode":true,"campfire_choices":[{"data":"Streamline","floor":6,"key":"SMITH"},{"data":"Beam Cell","floor":15,"key":"SMITH"}],"neow_cost":"NONE","seed_source_timestamp":1569743417500,"circlet_count":0,"master_deck":["AscendersBane","Strike_B","Strike_B","Strike_B","Strike_B","Defend_B","Defend_B","Zap","Dualcast","Undo+1","Streamline+1","Cold Snap","Core Surge","Beam Cell+1","Reinforced Body","Echo Form","Sweeping Beam","Barrage","Glacier","Chill"],"relics":["Cracked Core","NeowsBlessing","WarpedTongs","Orichalcum","Ancient Tea Set","Darkstone Periapt","MawBank","Inserter"],"potions_floor_usage":[7,10,12,16],"damage_taken":[{"damage":0,"enemies":"Jaw Worm","floor":1,"turns":1},{"damage":0,"enemies":"Cultist","floor":3,"turns":1},{"damage":0,"enemies":"2 Louse","floor":5,"turns":1},{"damage":20,"enemies":"Gremlin Nob","floor":7,"turns":4},{"damage":13,"enemies":"Lots of Slimes","floor":8,"turns":5},{"damage":0,"enemies":"2 Fungi Beasts","floor":10,"turns":2},{"damage":2,"enemies":"Exordium Thugs","floor":11,"turns":4},{"damage":10,"enemies":"Lagavulin","floor":12,"turns":5},{"damage":2,"enemies":"3 Louse","floor":14,"turns":2},{"damage":11,"enemies":"Hexaghost","floor":16,"turns":9},{"damage":3,"enemies":"Spheric Guardian","floor":18,"turns":5},{"damage":28,"enemies":"3 Byrds","floor":21,"turns":7},{"damage":14,"enemies":"Centurion and Healer","floor":22,"turns":8},{"damage":20,"enemies":"Book of Stabbing","floor":23,"turns":5}],"seed_played":"5948036101678000281","potions_obtained":[{"floor":1,"key":"DuplicationPotion"},{"floor":3,"key":"AttackPotion"},{"floor":8,"key":"SkillPotion"},{"floor":11,"key":"Explosive Potion"}],"is_trial":false,"path_per_floor":["M","?","M","$","M","R","E","M","T","M","M","E","T","M","R","B",null,"M","$","?","M","M","E"],"character_chosen":"DEFECT","basemod:card_modifiers":[null,null,null,null,null,null,null,null,null,null,null,null,null,null,null,null,null,null,null,null],"items_purchased":["Barrage"],"campfire_rested":0,"item_purchase_floors":[19],"current_hp_per_floor":[68,68,68,68,68,68,48,35,35,35,33,23,23,21,21,10,59,56,56,56,28,14,0],"gold":189,"neow_bonus":"THREE_ENEMY_KILL","is_prod":false,"is_daily":false,"chose_seed":false,"campfire_upgraded":2,"win_rate":0,"timestamp":1710865867,"path_taken":["M","?","M","$","?","R","E","M","T","?","M","E","?","M","R","BOSS","M","$","?","?","M","E"],"build_version":"2022-12-18","purchased_purges":2,"victory":false,"max_hp_per_floor":[75,75,75,75,75,75,75,75,75,75,75,75,75,75,75,75,75,75,75,75,75,75,75],"relic_stats":{"Darkstone Periapt":0,"Inserter":[12],"counters":[14,59],"Orichalcum":[120],"Ancient Tea Set":[2],"MawBank":72,"obtain_stats":[{"Darkstone Periapt":12,"Inserter":17,"NeowsBlessing":0,"Orichalcum":7,"Cracked Core":0,"Ancient Tea Set":9,"MawBank":13,"WarpedTongs":2},{"Darkstone Periapt":8,"Inserter":10,"NeowsBlessing":0,"Orichalcum":4,"Cracked Core":0,"Ancient Tea Set":5,"MawBank":8,"WarpedTongs":1},{"Darkstone Periapt":23,"Inserter":34,"NeowsBlessing":0,"Orichalcum":7,"Cracked Core":0,"Ancient Tea Set":12,"MawBank":23,"WarpedTongs":1}],"WarpedTongs":[58]},"card_choices":[{"not_picked":["Force Field","Sweeping Beam"],"picked":"Undo","floor":1},{"not_picked":["Redo","Sweeping Beam"],"picked":"Streamline","floor":3},{"not_picked":["Static Discharge","Leap"],"picked":"Cold Snap","floor":5},{"not_picked":["Blizzard","Recycle","Stack"],"picked":"SKIP","floor":7},{"not_picked":["Sweeping Beam","Heatsinks"],"picked":"Core Surge","floor":8},{"not_picked":["Conserve Battery","Coolheaded"],"picked":"Beam Cell","floor":10},{"not_picked":["Coolheaded","Chill"],"picked":"Reinforced Body","floor":11},{"not_picked":["Conserve Battery","Leap","Go for the Eyes"],"picked":"SKIP","floor":12},{"not_picked":["BootSequence","Self Repair","Auto Shields"],"picked":"SKIP","floor":14},{"not_picked":["Seek","Multi-Cast"],"picked":"Echo Form","floor":16},{"not_picked":["Beam Cell","Stack"],"picked":"Sweeping Beam","floor":18},{"not_picked":["Skim","Aggregate+1"],"picked":"Glacier","floor":21},{"not_picked":["Leap","Sunder"],"picked":"Chill","floor":22}],"player_experience":629933,"relics_obtained":[{"floor":7,"key":"Orichalcum"},{"floor":9,"key":"Ancient Tea Set"},{"floor":12,"key":"Darkstone Periapt"},{"floor":13,"key":"MawBank"}],"event_choices":[{"damage_healed":0,"gold_gain":0,"player_choice":"Rummage","damage_taken":0,"relics_obtained":["WarpedTongs"],"max_hp_gain":0,"max_hp_loss":0,"event_name":"Accursed Blacksmith","floor":2,"gold_loss":0,"cards_obtained":["Pain"]},{"cards_removed":["Defend_B"],"damage_healed":0,"gold_gain":0,"player_choice":"Upgrade and Remove","damage_taken":0,"max_hp_gain":0,"max_hp_loss":0,"event_name":"Designer","floor":20,"gold_loss":90,"cards_upgraded":["Undo"]}],"is_beta":false,"boss_relics":[{"not_picked":["Sozu","FrozenCore"],"picked":"Inserter"}],"items_purged_floors":[4,19],"is_endless":false,"potions_floor_spawned":[1,3,5,8,11],"killed_by":"Book of Stabbing","ascension_level":12}