{"gold_per_floor":[117,137,137,62,62,62,103,121,146,221,265,300,300,325,325,325],"floor_reached":16,"playtime":371,"items_purged":["Defend_G"],"score":266,"play_id":"d9996cda-add3-4aae-8dd4-3eabcf2bf5db","local_time":"20240407000414","is_ascension_mode":true,"campfire_choices":[{"data":"Poisoned Stab","floor":6,"key":"SMITH"},{"data":"Reflex","floor":13,"key":"SMITH"},{"data":"A Thousand Cuts","floor":15,"key":"SMITH"}],"neow_cost":"NONE","seed_source_timestamp":6907466877900,"circlet_count":0,"master_deck":["AscendersBane","Strike_G","Strike_G","Strike_G","Strike_G","Defend_G","Defend_G","Defend_G","Defend_G","Survivor","Neutralize","Reflex+1","Poisoned Stab+1","Blade Dance","Terror","Prepared","Reflex","A Thousand Cuts+1"],"relics":["Ring of the Snake","NeowsBlessing","Golden Idol","Strawberry","Omamori","Meat on the Bone","Blood Vial","Odd Mushroom"],"potions_floor_usage":[12,16],"damage_taken":[{"damage":0,"enemies":"2 Louse","floor":1,"turns":1},{"damage":0,"enemies":"Jaw Worm","floor":2,"turns":1},{"damage":0,"enemies":"Gremlin Nob","floor":7,"turns":1},{"damage":4,"enemies":"Small Slimes","floor":8,"turns":4},{"damage":18,"enemies":"Lagavulin","floor":11,"turns":5},{"damage":10,"enemies":"The Mushroom Lair","floor":12,"turns":5},{"damage":1,"enemies":"2 Fungi Beasts","floor":14,"turns":4},{"damage":42,"enemies":"The Guardian","floor":16,"turns":11}],"seed_played":"-9106557310984389069","potions_obtained":[{"floor":2,"key":"ColorlessPotion"},{"floor":8,"key":"GamblersBrew"},{"floor":11,"key":"AttackPotion"},{"floor":14,"key":"CultistPotion"}],"is_trial":false,"path_per_floor":["M","M","?","$","?","R","E","M","T","T","E","?","R","M","R","B"],"character_chosen":"THE_SILENT","basemod:card_modifiers":[null,null,null,null,null,null,null,null,null,null,null,null,null,null,null,null,null,null],"items_purchased":[],"campfire_rested":0,"item_purchase_floors":[],"current_hp_per_floor":[59,59,36,36,36,36,43,39,39,39,33,37,37,38,38,0],"gold":325,"neow_bonus":"THREE_ENEMY_KILL","is_prod":false,"is_daily":false,"chose_seed":false,"campfire_upgraded":3,"win_rate":0,"timestamp":1712415854,"path_taken":["M","M","?","$","?","R","E","?","T","?","E","?","R","M","R","BOSS"],"build_version":"2022-12-18","purchased_purges":1,"victory":false,"max_hp_per_floor":[66,66,66,66,66,66,73,73,73,73,73,73,73,73,73,73],"relic_stats":{"Blood Vial":6,"counters":[8,32],"Golden Idol":33,"Omamori":0,"obtain_stats":[{"Blood Vial":11,"NeowsBlessing":0,"Golden Idol":3,"Strawberry":7,"Omamori":9,"Odd Mushroom":12,"Ring of the Snake":0,"Meat on the Bone":10},{"Blood Vial":5,"NeowsBlessing":0,"Golden Idol":2,"Strawberry":3,"Omamori":4,"Odd Mushroom":6,"Ring of the Snake":0,"Meat on the Bone":4},{"Blood Vial":12,"NeowsBlessing":0,"Golden Idol":2,"Strawberry":3,"Omamori":7,"Odd Mushroom":17,"Ring of the Snake":0,"Meat on the Bone":7}],"Ring of the Snake":[16],"Meat on the Bone":24},"card_choices":[{"not_picked":["Acrobatics","Well Laid Plans"],"picked":"Reflex","floor":1},{"not_picked":["Cloak And Dagger","Flying Knee"],"picked":"Poisoned Stab","floor":2},{"not_picked":["Masterful Stab","Cloak And Dagger"],"picked":"Blade Dance","floor":7},{"not_picked":["PiercingWail","Outmaneuver"],"picked":"Terror","floor":8},{"not_picked":["Skewer","Deadly Poison"],"picked":"Prepared","floor":11},{"not_picked":["Slice","Blade Dance"],"picked":"Reflex","floor":12},{"not_picked":["Underhanded Strike","Poisoned Stab"],"picked":"A Thousand Cuts","floor":14}],"player_experience":654324,"relics_obtained":[{"floor":7,"key":"Strawberry"},{"floor":9,"key":"Omamori"},{"floor":10,"key":"Meat on the Bone"},{"floor":11,"key":"Blood Vial"},{"floor":12,"key":"Odd Mushroom"}],"event_choices":[{"damage_healed":0,"gold_gain":0,"player_choice":"Take Damage","damage_taken":23,"relics_obtained":["Golden Idol"],"max_hp_gain":0,"max_hp_loss":0,"event_name":"Golden Idol","floor":3,"gold_loss":0},{"cards_removed":["Strike_G"],"damage_healed":0,"gold_gain":0,"player_choice":"Forget","damage_taken":0,"max_hp_gain":0,"max_hp_loss":0,"event_name":"Living Wall","floor":5,"gold_loss":0},{"damage_healed":0,"gold_gain":0,"player_choice":"Fought Mushrooms","damage_taken":0,"max_hp_gain":0,"max_hp_loss":0,"event_name":"Mushrooms","floor":12,"gold_loss":0}],"is_beta":false,"boss_relics":[],"items_purged_floors":[4],"is_endless":false,"potions_floor_spawned":[2,8,11,14],"killed_by":"The Guardian","ascension_level":20}