{"gold_per_floor":[211,68,68,84,97,97,127,127,127,87,114,133,143,155,155,228,228,244,244,264,18,18,49,49,62,86,86,86,102,117,135,135,209,209,227,239,239,250,97,131,131],"floor_reached":41,"playtime":1465,"items_purged":["Strike_B","Pain"],"score":796,"play_id":"d7bba33f-cc7a-443d-8a6c-7691b331aa82","local_time":"20240413002538","is_ascension_mode":true,"campfire_choices":[{"data":"Beam Cell","floor":6.0,"key":"SMITH"},{"data":"Sunder","floor":8.0,"key":"SMITH"},{"data":"Reinforced Body","floor":15.0,"key":"SMITH"},{"floor":24.0,"key":"REST"},{"floor":27.0,"key":"REST"},{"floor":32.0,"key":"REST"}],"neow_cost":"NONE","seed_source_timestamp":394185950400,"circlet_count":0,"master_deck":["AscendersBane","Strike_B","Strike_B","Strike_B","Defend_B","Defend_B","Defend_B","Zap","Dualcast","Ball Lightning","Sunder+1","Barrage","Beam Cell+1","Reinforced Body+1","Creative AI+1","Cold Snap","Echo Form+1","Compile Driver","Genetic Algorithm","BootSequence","Self Repair+1","Echo Form+1","Hologram"],"special_seed":0,"relics":["Cracked Core","StoneCalendar","Frozen Egg 2","Art of War","Fusion Hammer","WarpedTongs","Bag of Preparation","Blue Candle","Pen Nib","Inserter","Chemical X","Bird Faced Urn"],"potions_floor_usage":[],"damage_taken":[{"damage":0.0,"enemies":"Small Slimes","floor":1.0,"turns":3.0},{"damage":0.0,"enemies":"Cultist","floor":4.0,"turns":3.0},{"damage":0.0,"enemies":"2 Louse","floor":5.0,"turns":2.0},{"damage":5.0,"enemies":"3 Sentries","floor":7.0,"turns":5.0},{"damage":4.0,"enemies":"Gremlin Nob","floor":11.0,"turns":3.0},{"damage":9.0,"enemies":"Red Slaver","floor":12.0,"turns":2.0},{"damage":15.0,"enemies":"Exordium Thugs","floor":13.0,"turns":6.0},{"damage":16.0,"enemies":"Gremlin Gang","floor":14.0,"turns":3.0},{"damage":11.0,"enemies":"Hexaghost","floor":16.0,"turns":8.0},{"damage":14.0,"enemies":"Shell Parasite","floor":18.0,"turns":4.0},{"damage":11.0,"enemies":"3 Byrds","floor":20.0,"turns":3.0},{"damage":26.0,"enemies":"Slavers","floor":23.0,"turns":6.0},{"damage":0.0,"enemies":"Centurion and Healer","floor":25.0,"turns":5.0},{"damage":13.0,"enemies":"3 Cultists","floor":29.0,"turns":5.0},{"damage":0.0,"enemies":"Snecko","floor":30.0,"turns":3.0},{"damage":12.0,"enemies":"Centurion and Healer","floor":31.0,"turns":5.0},{"damage":37.0,"enemies":"Champ","floor":33.0,"turns":12.0},{"damage":11.0,"enemies":"3 Shapes","floor":35.0,"turns":5.0},{"damage":25.0,"enemies":"Orb Walker","floor":36.0,"turns":4.0},{"damage":18.0,"enemies":"Jaw Worm Horde","floor":38.0,"turns":6.0},{"damage":39.0,"enemies":"Giant Head","floor":40.0,"turns":8.0},{"damage":6,"enemies":"Writhing Mass","floor":41,"turns":4}],"seed_played":"-8806664200520604042","potions_obtained":[{"floor":1.0,"key":"PowerPotion"},{"floor":5.0,"key":"SkillPotion"},{"floor":10.0,"key":"Swift Potion"},{"floor":14.0,"key":"SpeedPotion"},{"floor":16.0,"key":"Block Potion"},{"floor":18.0,"key":"SkillPotion"},{"floor":23.0,"key":"FearPotion"},{"floor":29.0,"key":"BlessingOfTheForge"},{"floor":30.0,"key":"BlessingOfTheForge"},{"floor":35.0,"key":"Explosive Potion"},{"floor":38.0,"key":"SteroidPotion"},{"floor":40.0,"key":"Explosive Potion"}],"is_trial":false,"path_per_floor":["M","$","?","M","M","R","E","R","T","?","E","M","M","M","R","B",null,"M","?","M","$","$","E","R","M","T","R","$","M","M","M","R","B",null,"M","M","?","M","$","E","M"],"character_chosen":"DEFECT","basemod:card_modifiers":[null,null,null,null,null,null,null,null,null,null,null,null,null,null,null,null,null,null,null,null,null,null,null],"items_purchased":["Sunder","Bag of Preparation","Chemical X"],"campfire_rested":3,"item_purchase_floors":[2,21,39],"current_hp_per_floor":[64,64,64,64,64,64,59,59,59,59,55,46,31,15,15,4,54,40,40,29,29,29,3,24,24,24,45,45,32,32,30,51,24,59,58,43,43,45,45,6,4],"gold":131,"neow_bonus":"HUNDRED_GOLD","is_prod":false,"is_daily":false,"chose_seed":false,"campfire_upgraded":3,"win_rate":0,"timestamp":1712935538,"path_taken":["M","$","?","M","?","R","E","R","T","?","E","M","?","M","R","BOSS","M","?","M","?","$","E","R","M","T","R","$","M","M","M","R","BOSS","M","M","?","M","$","E","M"],"build_version":"2022-12-18","purchased_purges":2,"victory":false,"max_hp_per_floor":[71,71,71,71,71,71,71,71,71,71,71,71,71,71,71,71,71,71,71,71,71,71,71,71,71,71,71,71,71,71,71,71,71,71,71,71,71,71,71,71,71],"relic_stats":{"Inserter":[13],"counters":[22,105],"Blue Candle":[0],"Bird Faced Urn":[4],"StoneCalendar":[156],"Pen Nib":[9],"Art of War":[17],"Bag of Preparation":[22],"Chemical X":[4],"obtain_stats":[{"Inserter":34,"Blue Candle":23,"Bird Faced Urn":40,"StoneCalendar":7,"Fusion Hammer":17,"Pen Nib":26,"Art of War":11,"Bag of Preparation":21,"Chemical X":39,"Frozen Egg 2":9,"Cracked Core":0,"WarpedTongs":19},{"Inserter":17,"Blue Candle":12,"Bird Faced Urn":21,"StoneCalendar":4,"Fusion Hammer":9,"Pen Nib":13,"Art of War":5,"Bag of Preparation":11,"Chemical X":20,"Frozen Egg 2":4,"Cracked Core":0,"WarpedTongs":10},{"Inserter":78,"Blue Candle":48,"Bird Faced Urn":101,"StoneCalendar":13,"Fusion Hammer":35,"Pen Nib":53,"Art of War":16,"Bag of Preparation":42,"Chemical X":93,"Frozen Egg 2":13,"Cracked Core":0,"WarpedTongs":39}],"WarpedTongs":[66]},"card_choices":[{"not_picked":["Chaos","Scrape"],"picked":"Ball Lightning","floor":1.0},{"not_picked":["Heatsinks","Streamline","Aggregate"],"picked":"SKIP","floor":4.0},{"not_picked":["Conserve Battery","Gash"],"picked":"Beam Cell","floor":5.0},{"not_picked":["Consume","Multi-Cast"],"picked":"Reinforced Body","floor":7.0},{"not_picked":["Beam Cell","Gash"],"picked":"Creative AI+1","floor":11.0},{"not_picked":["Streamline","Rebound"],"picked":"Cold Snap","floor":12.0},{"not_picked":["Stack","Redo","Loop+1"],"picked":"SKIP","floor":13.0},{"not_picked":["Aggregate","All For One","Stack"],"picked":"SKIP","floor":14.0},{"not_picked":["Fission","All For One"],"picked":"Echo Form+1","floor":16.0},{"not_picked":["Darkness","FTL+1"],"picked":"Compile Driver","floor":18.0},{"not_picked":["Tempest","Go for the Eyes+1"],"picked":"Genetic Algorithm","floor":20.0},{"not_picked":["Compile Driver+1","Conserve Battery"],"picked":"BootSequence","floor":23.0},{"not_picked":["Gash+1","Auto Shields","Rebound"],"picked":"SKIP","floor":25.0},{"not_picked":["Compile Driver","Go for the Eyes","Static Discharge+1"],"picked":"SKIP","floor":29.0},{"not_picked":["Turbo","Conserve Battery"],"picked":"Self Repair+1","floor":30.0},{"not_picked":["Rebound","Reprogram","Stack"],"picked":"SKIP","floor":31.0},{"not_picked":["Leap","Reprogram","BootSequence+1"],"picked":"SKIP","floor":35.0},{"not_picked":["Streamline","Gash","Scrape+1"],"picked":"SKIP","floor":36.0},{"not_picked":["Redo","Sunder","Cold Snap"],"picked":"SKIP","floor":38.0},{"not_picked":["Go for the Eyes","Tempest"],"picked":"Hologram","floor":40.0}],"player_experience":659144,"relics_obtained":[{"floor":7.0,"key":"StoneCalendar"},{"floor":9.0,"key":"Frozen Egg 2"},{"floor":11.0,"key":"Art of War"},{"floor":23.0,"key":"Blue Candle"},{"floor":26.0,"key":"Pen Nib"},{"floor":40.0,"key":"Bird Faced Urn"}],"event_choices":[{"damage_healed":0.0,"max_hp_gain":0.0,"max_hp_loss":0.0,"gold_gain":0.0,"cards_transformed":["Defend_B"],"event_name":"Transmorgrifier","player_choice":"Transformed","floor":3.0,"gold_loss":0.0,"damage_taken":0.0,"cards_obtained":["Barrage"]},{"damage_healed":0.0,"max_hp_gain":0.0,"max_hp_loss":0.0,"gold_gain":0.0,"event_name":"The Woman in Blue","player_choice":"Bought 3 Potions","floor":10.0,"gold_loss":0.0,"damage_taken":0.0},{"damage_healed":0.0,"max_hp_gain":0.0,"max_hp_loss":0.0,"gold_gain":0.0,"event_name":"Accursed Blacksmith","player_choice":"Rummage","floor":19.0,"gold_loss":0.0,"damage_taken":0.0,"relics_obtained":["WarpedTongs"],"cards_obtained":["Pain"]},{"damage_healed":0.0,"max_hp_gain":0.0,"max_hp_loss":0.0,"gold_gain":0.0,"event_name":"Duplicator","player_choice":"Copied","floor":37.0,"gold_loss":0.0,"damage_taken":0.0,"cards_obtained":["Echo Form"]}],"is_beta":false,"boss_relics":[{"not_picked":["Coffee Dripper","Black Star"],"picked":"Fusion Hammer"},{"not_picked":["FrozenCore","SacredBark"],"picked":"Inserter"}],"items_purged_floors":[2,21],"is_endless":false,"potions_floor_spawned":[1,5,11,14,16,18,23,29,30,35,38,40],"killed_by":"Writhing Mass","ascension_level":15}