{"gold_per_floor":[369,383,308,11,11,11,11,26,26,54,54],"floor_reached":11,"playtime":132,"items_purged":["Defend_B"],"score":128,"play_id":"133a1e42-09b3-4fb9-90ad-a4e42ef125e4","local_time":"20240417191718","is_ascension_mode":true,"campfire_choices":[{"floor":6,"key":"REST"}],"neow_cost":"TEN_PERCENT_HP_LOSS","seed_source_timestamp":17119312078399,"circlet_count":0,"master_deck":["AscendersBane","Strike_B","Strike_B","Strike_B","Strike_B","Defend_B","Defend_B","Zap","Dualcast","Beam Cell","Glacier","HandOfGreed","Conserve Battery","Capacitor"],"relics":["Cracked Core","Membership Card","Mercury Hourglass","Vajra","Turnip"],"potions_floor_usage":[10],"damage_taken":[{"damage":11,"enemies":"Small Slimes","floor":1,"turns":4},{"damage":3,"enemies":"2 Louse","floor":2,"turns":3},{"damage":7,"enemies":"Jaw Worm","floor":8,"turns":2},{"damage":3,"enemies":"Lagavulin","floor":10,"turns":3},{"damage":25,"enemies":"Exordium Thugs","floor":11,"turns":1}],"seed_played":"548290883269164763","potions_obtained":[{"floor":1,"key":"SteroidPotion"}],"is_trial":false,"path_per_floor":["M","M","?","$","?","R","$","M","T","E","M"],"character_chosen":"DEFECT","basemod:card_modifiers":[null,null,null,null,null,null,null,null,null,null,null,null,null,null],"items_purchased":["Membership Card","HandOfGreed"],"campfire_rested":1,"item_purchase_floors":[4,4],"current_hp_per_floor":[53,50,50,50,15,34,34,27,27,24,0],"gold":54,"neow_bonus":"TWO_FIFTY_GOLD","is_prod":false,"is_daily":false,"chose_seed":false,"campfire_upgraded":0,"win_rate":0,"timestamp":1713349038,"path_taken":["M","M","?","$","?","R","?","M","T","E","M"],"build_version":"2022-12-18","purchased_purges":1,"victory":false,"max_hp_per_floor":[64,64,64,64,64,64,64,64,64,64,64],"relic_stats":{"counters":[5,13],"Turnip":[0],"Membership Card":132,"obtain_stats":[{"Vajra":9,"Turnip":10,"Membership Card":4,"Cracked Core":0,"Mercury Hourglass":5},{"Vajra":3,"Turnip":4,"Membership Card":2,"Cracked Core":0,"Mercury Hourglass":2},{"Vajra":9,"Turnip":12,"Membership Card":7,"Cracked Core":0,"Mercury Hourglass":7}],"Mercury Hourglass":[18]},"card_choices":[{"not_picked":["Recycle","Rip and Tear"],"picked":"Beam Cell","floor":1},{"not_picked":["Undo","Leap"],"picked":"Glacier","floor":2},{"not_picked":["Go for the Eyes","Streamline"],"picked":"Conserve Battery","floor":8},{"not_picked":["Heatsinks","Recycle"],"picked":"Capacitor","floor":10}],"player_experience":663774,"relics_obtained":[{"floor":9,"key":"Vajra"},{"floor":10,"key":"Turnip"}],"event_choices":[{"cards_removed":["Defend_B"],"damage_healed":0,"gold_gain":0,"player_choice":"Card Removal","damage_taken":0,"max_hp_gain":0,"max_hp_loss":0,"event_name":"The Cleric","floor":3,"gold_loss":75},{"damage_healed":0,"gold_gain":0,"player_choice":"Success","damage_taken":35,"relics_obtained":["Mercury Hourglass"],"max_hp_gain":0,"max_hp_loss":0,"event_name":"Scrap Ooze","floor":5,"gold_loss":0}],"is_beta":false,"boss_relics":[],"items_purged_floors":[4],"is_endless":false,"potions_floor_spawned":[1],"killed_by":"Exordium Thugs","ascension_level":16}