{"gold_per_floor":[110,124,49,60,76,76,101,101,101,121,121,21,51,68,68,141,141,154,154,154,174,174,174,186,186,212,231,243,276,286,286],"floor_reached":31,"playtime":834,"items_purged":["Writhe","Strike_G"],"score":538,"play_id":"304be171-672d-4669-985f-79bb5ee87048","local_time":"20240525200801","is_ascension_mode":true,"campfire_choices":[{"data":"Apotheosis","floor":6,"key":"SMITH"},{"floor":8,"key":"REST"},{"floor":15,"key":"REST"},{"floor":23,"key":"REST"},{"floor":25,"key":"REST"}],"neow_cost":"CURSE","seed_source_timestamp":23100693059200,"circlet_count":0,"master_deck":["AscendersBane","Strike_G","Strike_G","Strike_G","Strike_G","Defend_G","Defend_G","Defend_G","Defend_G","Survivor","Neutralize","Apotheosis+1","Dagger Throw","Blade Dance","Dagger Spray","Underhanded Strike+1","Reflex","Terror","After Image","Acrobatics","Acrobatics","Terror","Escape Plan","Reflex","Footwork"],"relics":["Ring of the Snake","Lantern","Molten Egg 2","Tingsha","Black Star","Mummified Hand","Tiny Chest"],"potions_floor_usage":[7,13,18,21,29],"damage_taken":[{"damage":0,"enemies":"Cultist","floor":1,"turns":5},{"damage":7,"enemies":"2 Louse","floor":2,"turns":4},{"damage":0,"enemies":"Small Slimes","floor":4,"turns":4},{"damage":19,"enemies":"Exordium Wildlife","floor":5,"turns":8},{"damage":14,"enemies":"Gremlin Nob","floor":7,"turns":3},{"damage":0,"enemies":"Red Slaver","floor":10,"turns":3},{"damage":14,"enemies":"Lagavulin","floor":13,"turns":7},{"damage":0,"enemies":"Looter","floor":14,"turns":2},{"damage":22,"enemies":"Slime Boss","floor":16,"turns":9},{"damage":3,"enemies":"Shell Parasite","floor":18,"turns":5},{"damage":32,"enemies":"3 Byrds","floor":21,"turns":6},{"damage":17,"enemies":"Sentry and Sphere","floor":24,"turns":7},{"damage":6,"enemies":"Centurion and Healer","floor":27,"turns":7},{"damage":10,"enemies":"Snake Plant","floor":28,"turns":5},{"damage":2,"enemies":"Gremlin Leader","floor":29,"turns":7},{"damage":10,"enemies":"Snecko","floor":30,"turns":3},{"damage":11,"enemies":"Centurion and Healer","floor":31,"turns":4}],"seed_played":"9133935811410987768","potions_obtained":[{"floor":1,"key":"AttackPotion"},{"floor":4,"key":"Dexterity Potion"},{"floor":7,"key":"Poison Potion"},{"floor":18,"key":"ColorlessPotion"},{"floor":21,"key":"GhostInAJar"}],"is_trial":false,"path_per_floor":["M","M","$","M","M","R","E","R","T","M","?","$","E","M","R","B",null,"M","?","?","M","?","R","M","R","T","M","M","E","M","M"],"character_chosen":"THE_SILENT","basemod:card_modifiers":[null,null,null,null,null,null,null,null,null,null,null,null,null,null,null,null,null,null,null,null,null,null,null,null,null],"items_purchased":[],"campfire_rested":4,"item_purchase_floors":[],"current_hp_per_floor":[59,52,52,52,33,33,19,38,38,38,38,38,24,24,43,21,55,52,52,52,20,20,39,22,41,41,35,25,23,13,2],"gold":286,"neow_bonus":"RANDOM_COLORLESS_2","is_prod":false,"is_daily":false,"chose_seed":false,"campfire_upgraded":1,"win_rate":0,"timestamp":1716635281,"path_taken":["M","M","?","M","M","R","E","R","T","M","?","$","E","M","R","BOSS","M","?","?","M","?","R","?","R","T","M","M","E","M","M"],"build_version":"2022-12-18","purchased_purges":2,"victory":false,"max_hp_per_floor":[66,66,66,66,66,66,66,66,66,66,66,66,66,66,66,66,66,66,66,66,66,66,66,66,66,66,66,66,66,66,66],"relic_stats":{"counters":[17,89],"Mummified Hand":[1],"Tingsha":[89],"Tiny Chest":0,"Black Star":1,"obtain_stats":[{"Lantern":7,"Mummified Hand":29,"Molten Egg 2":9,"Tingsha":13,"Tiny Chest":29,"Black Star":17,"Ring of the Snake":0},{"Lantern":5,"Mummified Hand":15,"Molten Egg 2":5,"Tingsha":7,"Tiny Chest":15,"Black Star":9,"Ring of the Snake":0},{"Lantern":24,"Mummified Hand":82,"Molten Egg 2":24,"Tingsha":34,"Tiny Chest":82,"Black Star":45,"Ring of the Snake":0}],"Ring of the Snake":[34]},"card_choices":[{"not_picked":["Sadistic Nature","Master of Strategy"],"picked":"Apotheosis","floor":0},{"not_picked":["Quick Slash","Deadly Poison","Blur"],"picked":"SKIP","floor":1},{"not_picked":["Finisher","Prepared"],"picked":"Dagger Throw","floor":2},{"not_picked":["Flying Knee","Choke","Quick Slash"],"picked":"SKIP","floor":4},{"not_picked":["Dodge and Roll","Flying Knee"],"picked":"Blade Dance","floor":5},{"not_picked":["All Out Attack","Flying Knee"],"picked":"Dagger Spray","floor":7},{"not_picked":["PiercingWail","Cloak And Dagger"],"picked":"Underhanded Strike+1","floor":10},{"not_picked":["Accuracy","Expertise"],"picked":"Reflex","floor":13},{"not_picked":["Flying Knee+1","Outmaneuver"],"picked":"Terror","floor":14},{"not_picked":["Storm of Steel","Burst"],"picked":"After Image","floor":16},{"not_picked":["Quick Slash+1","Deflect+1"],"picked":"Acrobatics","floor":18},{"not_picked":["Crippling Poison","Blur"],"picked":"Acrobatics","floor":21},{"not_picked":["Cloak And Dagger","Dodge and Roll","Outmaneuver"],"picked":"SKIP","floor":24},{"not_picked":["Dash+1","Cloak And Dagger"],"picked":"Escape Plan","floor":27},{"not_picked":["Cloak And Dagger","Dagger Throw+1","Quick Slash+1"],"picked":"SKIP","floor":28},{"not_picked":["Backflip","Dagger Spray+1"],"picked":"Reflex","floor":29},{"not_picked":["Endless Agony+1","Blur"],"picked":"Footwork","floor":30}],"player_experience":706477,"relics_obtained":[{"floor":7,"key":"Lantern"},{"floor":9,"key":"Molten Egg 2"},{"floor":13,"key":"Tingsha"},{"floor":29,"key":"Mummified Hand"},{"floor":29,"key":"Tiny Chest"}],"event_choices":[{"damage_healed":0,"gold_gain":0,"player_choice":"Ignored","damage_taken":0,"max_hp_gain":0,"max_hp_loss":0,"event_name":"Liars Game","floor":11,"gold_loss":0},{"damage_healed":0,"gold_gain":0,"player_choice":"Ignored","damage_taken":0,"max_hp_gain":0,"max_hp_loss":0,"event_name":"Cursed Tome","floor":19,"gold_loss":0},{"damage_healed":0,"gold_gain":0,"player_choice":"Ignored","damage_taken":0,"max_hp_gain":0,"max_hp_loss":0,"event_name":"The Mausoleum","floor":20,"gold_loss":0},{"damage_healed":0,"gold_gain":0,"cards_transformed":["Defend_G"],"player_choice":"Transformed","damage_taken":0,"max_hp_gain":0,"max_hp_loss":0,"event_name":"Transmorgrifier","floor":22,"gold_loss":0,"cards_obtained":["Terror"]}],"is_beta":false,"boss_relics":[{"not_picked":["Coffee Dripper","Philosopher\u0027s Stone"],"picked":"Black Star"}],"items_purged_floors":[3,12],"is_endless":false,"potions_floor_spawned":[1,4,7,18,21],"killed_by":"Centurion and Healer","ascension_level":20}