{"gold_per_floor":[116,135,152,227,237,237,265,281,304,304,229,229,282,308,308,308],"floor_reached":16,"playtime":328,"items_purged":["Defend_P"],"score":185,"play_id":"e406d471-3da4-46b9-b206-38d49060552e","local_time":"20240518231729","is_ascension_mode":true,"campfire_choices":[{"floor":6,"key":"REST"},{"floor":10,"key":"REST"},{"floor":12,"key":"REST"},{"floor":15,"key":"RECALL"}],"neow_cost":"NONE","seed_source_timestamp":2097538489600,"circlet_count":0,"master_deck":["AscendersBane","Strike_P","Strike_P","Strike_P","Strike_P","Defend_P","Defend_P","Defend_P","Eruption","Vigilance","BattleHymn","FearNoEvil","WheelKick","InnerPeace"],"relics":["Fusion Hammer","Ancient Tea Set","Omamori","Regal Pillow"],"potions_floor_usage":[5,7,8,13],"damage_taken":[{"damage":0,"enemies":"Cultist","floor":1,"turns":4},{"damage":0,"enemies":"Jaw Worm","floor":2,"turns":3},{"damage":4,"enemies":"2 Louse","floor":3,"turns":2},{"damage":15,"enemies":"Gremlin Gang","floor":5,"turns":6},{"damage":16,"enemies":"Gremlin Nob","floor":7,"turns":4},{"damage":4,"enemies":"2 Fungi Beasts","floor":8,"turns":3},{"damage":4,"enemies":"Lots of Slimes","floor":13,"turns":3},{"damage":40,"enemies":"Lagavulin","floor":14,"turns":5},{"damage":28,"enemies":"Hexaghost","floor":16,"turns":7}],"seed_played":"-5532812615489194986","potions_obtained":[{"floor":3,"key":"Block Potion"},{"floor":5,"key":"Block Potion"},{"floor":7,"key":"DuplicationPotion"},{"floor":8,"key":"ColorlessPotion"}],"is_trial":false,"path_per_floor":["M","M","M","?","M","R","E","M","T","R","$","R","M","E","R","B"],"character_chosen":"WATCHER","basemod:card_modifiers":[null,null,null,null,null,null,null,null,null,null,null,null,null,null],"items_purchased":[],"campfire_rested":3,"item_purchase_floors":[],"current_hp_per_floor":[65,65,61,50,35,56,40,36,36,57,57,72,68,28,28,0],"gold":308,"neow_bonus":"BOSS_RELIC","is_prod":false,"is_daily":false,"chose_seed":false,"campfire_upgraded":0,"win_rate":0,"timestamp":1716041849,"path_taken":["M","M","?","?","M","R","E","M","T","R","$","R","M","E","R","BOSS"],"build_version":"2022-12-18","purchased_purges":1,"victory":false,"max_hp_per_floor":[72,72,72,72,72,72,72,72,72,72,72,72,72,72,72,72],"relic_stats":{"Regal Pillow":0,"counters":[9,37],"Omamori":0,"Ancient Tea Set":[4],"obtain_stats":[{"Regal Pillow":14,"Fusion Hammer":0,"Omamori":9,"PureWater":0,"Ancient Tea Set":7},{"Regal Pillow":8,"Fusion Hammer":0,"Omamori":6,"PureWater":0,"Ancient Tea Set":5},{"Regal Pillow":30,"Fusion Hammer":0,"Omamori":22,"PureWater":0,"Ancient Tea Set":19}]},"card_choices":[{"not_picked":["Protect","Consecrate"],"picked":"BattleHymn","floor":1},{"not_picked":["ThirdEye","Pray"],"picked":"FearNoEvil","floor":2},{"not_picked":["BowlingBash","PathToVictory"],"picked":"WheelKick","floor":3},{"not_picked":["Crescendo","BowlingBash","Fasting2"],"picked":"SKIP","floor":5},{"not_picked":["ReachHeaven","Perseverance","WaveOfTheHand"],"picked":"SKIP","floor":7},{"not_picked":["CutThroughFate","JustLucky"],"picked":"InnerPeace","floor":8},{"not_picked":["Devotion","EmptyBody","Conclude"],"picked":"SKIP","floor":13},{"not_picked":["FollowUp","WaveOfTheHand","Wireheading"],"picked":"SKIP","floor":14}],"player_experience":691735,"relics_obtained":[{"floor":7,"key":"Ancient Tea Set"},{"floor":9,"key":"Omamori"},{"floor":14,"key":"Regal Pillow"}],"event_choices":[{"damage_healed":0,"gold_gain":75,"player_choice":"Gather Gold","damage_taken":11,"max_hp_gain":0,"max_hp_loss":0,"event_name":"World of Goop","floor":4,"gold_loss":0}],"is_beta":false,"boss_relics":[],"items_purged_floors":[11],"is_endless":false,"potions_floor_spawned":[3,5,7,8],"killed_by":"Hexaghost","ascension_level":13}