{"gold_per_floor":[117,137,137,155,166,192,117,117,165,165,203,227,227,240,240,240],"floor_reached":16,"playtime":343,"items_purged":[],"score":224,"play_id":"0bbef0eb-f5a5-4628-836c-7969b3bfb836","local_time":"20240525193440","is_ascension_mode":true,"campfire_choices":[{"floor":8,"key":"REST"},{"data":"Neutralize","floor":10,"key":"SMITH"},{"data":"Acrobatics","floor":13,"key":"SMITH"},{"floor":15,"key":"REST"}],"neow_cost":"TEN_PERCENT_HP_LOSS","seed_source_timestamp":21540307655300,"circlet_count":0,"master_deck":["AscendersBane","Strike_G","Strike_G","Strike_G","Strike_G","Defend_G","Defend_G","Defend_G","Defend_G","Defend_G","Survivor","Neutralize+1","Backstab+1","Eviscerate","Flying Knee","Grand Finale","Tactician","Acrobatics+1"],"special_seed":0,"relics":["Ring of the Snake","Mango","Gremlin Horn","Ancient Tea Set","CeramicFish"],"potions_floor_usage":[6,6,11],"damage_taken":[{"damage":0.0,"enemies":"2 Louse","floor":1.0,"turns":4.0},{"damage":0.0,"enemies":"Cultist","floor":2.0,"turns":4.0},{"damage":0.0,"enemies":"Jaw Worm","floor":4.0,"turns":4.0},{"damage":6.0,"enemies":"2 Fungi Beasts","floor":5.0,"turns":4.0},{"damage":46,"enemies":"3 Sentries","floor":6,"turns":12},{"damage":7,"enemies":"Gremlin Nob","floor":11,"turns":3},{"damage":14,"enemies":"Exordium Thugs","floor":12,"turns":4},{"damage":3,"enemies":"Looter","floor":14,"turns":3},{"damage":47,"enemies":"The Guardian","floor":16,"turns":8}],"seed_played":"8597931131102494508","potions_obtained":[{"floor":1.0,"key":"Energy Potion"},{"floor":2.0,"key":"Dexterity Potion"},{"floor":6,"key":"CunningPotion"}],"is_trial":false,"path_per_floor":["M","M","?","M","M","E","?","R","T","R","E","M","R","M","R","B"],"character_chosen":"THE_SILENT","basemod:card_modifiers":[null,null,null,null,null,null,null,null,null,null,null,null,null,null,null,null,null,null],"items_purchased":[],"campfire_rested":2,"item_purchase_floors":[],"current_hp_per_floor":[73,73,73,73,67,21,21,43,43,43,36,22,22,19,41,0],"gold":240,"neow_bonus":"ONE_RARE_RELIC","is_prod":false,"is_daily":false,"chose_seed":false,"campfire_upgraded":2,"win_rate":0,"timestamp":1716633280,"path_taken":["M","M","?","M","?","E","?","R","T","R","E","M","R","M","R","BOSS"],"build_version":"2022-12-18","purchased_purges":0,"victory":false,"max_hp_per_floor":[74,74,74,74,74,74,74,74,74,74,74,74,74,74,74,74],"relic_stats":{"Gremlin Horn":[1,1],"counters":[9,46],"CeramicFish":18,"Ancient Tea Set":[6],"obtain_stats":[{"Gremlin Horn":6,"CeramicFish":11,"Mango":0,"Ancient Tea Set":9,"Ring of the Snake":0},{"Gremlin Horn":5,"CeramicFish":6,"Mango":0,"Ancient Tea Set":5,"Ring of the Snake":0},{"Gremlin Horn":28,"CeramicFish":31,"Mango":0,"Ancient Tea Set":28,"Ring of the Snake":0}],"Ring of the Snake":[18]},"card_choices":[{"not_picked":["Riddle With Holes","Sucker Punch"],"picked":"Backstab","floor":1.0},{"not_picked":["Quick Slash","Acrobatics","Dodge and Roll"],"picked":"SKIP","floor":2.0},{"not_picked":["Endless Agony","Deadly Poison"],"picked":"Eviscerate","floor":4.0},{"not_picked":["Dodge and Roll","Slice"],"picked":"Flying Knee","floor":5.0},{"not_picked":["Acrobatics","Deflect"],"picked":"Grand Finale","floor":6},{"not_picked":["Endless Agony","Setup"],"picked":"Tactician","floor":11},{"not_picked":["Choke","Flechettes"],"picked":"Acrobatics","floor":12},{"not_picked":["Caltrops","Deadly Poison","Poisoned Stab"],"picked":"SKIP","floor":14}],"player_experience":705106,"relics_obtained":[{"floor":6,"key":"Gremlin Horn"},{"floor":9,"key":"Ancient Tea Set"},{"floor":11,"key":"CeramicFish"}],"event_choices":[{"damage_healed":0.0,"max_hp_gain":0.0,"max_hp_loss":0.0,"gold_gain":0.0,"event_name":"Upgrade Shrine","player_choice":"Upgraded","floor":3.0,"gold_loss":0.0,"damage_taken":0.0,"cards_upgraded":["Backstab"]},{"cards_removed":["Strike_G"],"damage_healed":0,"gold_gain":0,"player_choice":"Card Removal","damage_taken":0,"max_hp_gain":0,"max_hp_loss":0,"event_name":"The Cleric","floor":7,"gold_loss":75}],"is_beta":false,"boss_relics":[],"items_purged_floors":[],"is_endless":false,"potions_floor_spawned":[1,2,5,6],"killed_by":"The Guardian","ascension_level":20}