{"gold_per_floor":[115,128,148,298,38,38,69,69,69,69,79,114,137,155,155,155],"floor_reached":16,"playtime":530,"items_purged":["Doubt"],"score":220,"play_id":"ff476950-ac0d-410c-994b-eb3feba681f8","local_time":"20240525210857","is_ascension_mode":true,"campfire_choices":[{"data":"Prepared","floor":6.0,"key":"SMITH"},{"data":"Tactician","floor":8.0,"key":"SMITH"},{"data":"Acrobatics","floor":10.0,"key":"SMITH"},{"floor":15.0,"key":"DIG"}],"neow_cost":"CURSE","seed_source_timestamp":26952205555800,"circlet_count":0,"master_deck":["AscendersBane","Strike_G","Strike_G","Strike_G","Strike_G","Strike_G","Defend_G","Defend_G","Defend_G","Defend_G","Defend_G","Survivor","Neutralize","Clumsy","Dagger Throw","Tactician+1","Eviscerate","Prepared+1","Well Laid Plans","Acrobatics+1","Acrobatics"],"special_seed":0,"relics":["Ring of the Snake","Bird Faced Urn","Eternal Feather","Shovel","Odd Mushroom","Lantern"],"potions_floor_usage":[16,16,16],"damage_taken":[{"damage":0.0,"enemies":"Jaw Worm","floor":1.0,"turns":4.0},{"damage":7.0,"enemies":"Small Slimes","floor":2.0,"turns":3.0},{"damage":0.0,"enemies":"Cultist","floor":3.0,"turns":4.0},{"damage":30.0,"enemies":"Lagavulin","floor":7.0,"turns":9.0},{"damage":10.0,"enemies":"Exordium Wildlife","floor":11.0,"turns":5.0},{"damage":17.0,"enemies":"3 Sentries","floor":12.0,"turns":12.0},{"damage":0.0,"enemies":"The Mushroom Lair","floor":13.0,"turns":3.0},{"damage":10.0,"enemies":"Lots of Slimes","floor":14.0,"turns":3.0},{"damage":9,"enemies":"Hexaghost","floor":16,"turns":7}],"seed_played":"171908689569048578","potions_obtained":[{"floor":3.0,"key":"EntropicBrew"},{"floor":12.0,"key":"DuplicationPotion"},{"floor":13.0,"key":"Ancient Potion"}],"is_trial":false,"path_per_floor":["M","M","M","?","$","R","E","R","T","R","M","E","?","M","R","B"],"character_chosen":"THE_SILENT","basemod:card_modifiers":[null,null,null,null,null,null,null,null,null,null,null,null,null,null,null,null,null,null,null,null,null],"items_purchased":["Prepared","Well Laid Plans","Block Potion"],"campfire_rested":0,"item_purchase_floors":[5,5,5],"current_hp_per_floor":[59,52,52,52,52,52,24,36,36,48,40,25,25,17,29,22],"gold":155,"neow_bonus":"ONE_RARE_RELIC","is_prod":false,"is_daily":false,"chose_seed":false,"campfire_upgraded":3,"win_rate":0,"timestamp":1716638937,"path_taken":["M","M","M","?","$","R","E","R","T","R","M","E","?","?","R","BOSS"],"build_version":"2022-12-18","purchased_purges":1,"victory":false,"max_hp_per_floor":[66,66,66,66,66,66,66,66,66,66,66,66,66,66,66,66],"relic_stats":{"Shovel":1,"counters":[9,50],"Bird Faced Urn":[10],"Eternal Feather":36,"obtain_stats":[{"Lantern":15,"Shovel":12,"Bird Faced Urn":0,"Eternal Feather":7,"Odd Mushroom":13,"Ring of the Snake":0},{"Lantern":8,"Shovel":6,"Bird Faced Urn":0,"Eternal Feather":4,"Odd Mushroom":7,"Ring of the Snake":0},{"Lantern":43,"Shovel":37,"Bird Faced Urn":0,"Eternal Feather":20,"Odd Mushroom":40,"Ring of the Snake":0}],"Ring of the Snake":[18]},"card_choices":[{"not_picked":["Quick Slash","Bane"],"picked":"Dagger Throw","floor":1.0},{"not_picked":["Dagger Throw","Catalyst"],"picked":"Tactician","floor":2.0},{"not_picked":["Dagger Spray","Poisoned Stab"],"picked":"Eviscerate","floor":3.0},{"not_picked":["Bullet Time","Dagger Spray"],"picked":"Acrobatics","floor":7.0},{"not_picked":["Outmaneuver","Cloak And Dagger"],"picked":"Acrobatics","floor":11.0},{"not_picked":["Caltrops","Expertise","Finisher"],"picked":"SKIP","floor":12.0},{"not_picked":["All Out Attack","Prepared","Backflip"],"picked":"SKIP","floor":14.0}],"player_experience":710021,"relics_obtained":[{"floor":7.0,"key":"Eternal Feather"},{"floor":12.0,"key":"Shovel"},{"floor":13.0,"key":"Odd Mushroom"},{"floor":15.0,"key":"Lantern"}],"event_choices":[{"damage_healed":0.0,"max_hp_gain":0.0,"max_hp_loss":0.0,"gold_gain":150.0,"event_name":"Liars Game","player_choice":"AGREE","floor":4.0,"gold_loss":0.0,"damage_taken":0.0,"cards_obtained":["Doubt"]},{"damage_healed":0.0,"max_hp_gain":0.0,"max_hp_loss":0.0,"gold_gain":0.0,"event_name":"Mushrooms","player_choice":"Fought Mushrooms","floor":13.0,"gold_loss":0.0,"damage_taken":0.0}],"is_beta":false,"boss_relics":[],"items_purged_floors":[5],"is_endless":false,"potions_floor_spawned":[3,12,13],"killed_by":"Hexaghost","ascension_level":20}