{"gold_per_floor":[369,369,369,382,382,382,412,204,228,259,73,90,102,114,114,191,191,211,211,224,242,73,73,89,114,138,138,138,2,30,42,42,42],"floor_reached":33,"playtime":1290,"items_purged":["Defend_G","Strike_G"],"score":615,"play_id":"f3f5d4ab-3a6a-4c5e-93f1-cf983eae1952","local_time":"20240527212528","is_ascension_mode":true,"campfire_choices":[{"data":"Skewer","floor":6.0,"key":"SMITH"},{"floor":15.0,"key":"REST"},{"data":"Noxious Fumes","floor":23,"key":"SMITH"},{"data":"Reflex","floor":27,"key":"SMITH"},{"data":"Acrobatics","floor":32,"key":"SMITH"}],"neow_cost":"PERCENT_DAMAGE","seed_source_timestamp":13329956677100,"circlet_count":0,"master_deck":["AscendersBane","Defend_G","Defend_G","Defend_G","Defend_G","Survivor","Neutralize","Skewer+1","Eviscerate","Prepared+1","PiercingWail","Footwork","Deflect","Well Laid Plans","Reflex+1","Venomology","Terror","Noxious Fumes+1","Acrobatics+1","Bite","Bite","Bite","Bite","Bite","Concentrate","Venomology"],"special_seed":0,"relics":["Ring of the Snake","StrikeDummy","Ancient Tea Set","SacredBark","Toy Ornithopter","Snake Skull"],"potions_floor_usage":[20,20,24,24,25,25,30,31,31,31,31,33,33],"damage_taken":[{"damage":7.0,"enemies":"Small Slimes","floor":1.0,"turns":4.0},{"damage":3.0,"enemies":"2 Louse","floor":4.0,"turns":3.0},{"damage":35.0,"enemies":"3 Sentries","floor":7.0,"turns":9.0},{"damage":17.0,"enemies":"Lagavulin","floor":10.0,"turns":7.0},{"damage":2.0,"enemies":"Jaw Worm","floor":12.0,"turns":4.0},{"damage":1.0,"enemies":"Red Slaver","floor":13.0,"turns":3.0},{"damage":2.0,"enemies":"Exordium Thugs","floor":14.0,"turns":4.0},{"damage":3.0,"enemies":"The Guardian","floor":16.0,"turns":18.0},{"damage":11.0,"enemies":"Shell Parasite","floor":18.0,"turns":4.0},{"damage":13,"enemies":"Chosen","floor":20,"turns":4},{"damage":8,"enemies":"Snake Plant","floor":21,"turns":7},{"damage":6,"enemies":"Sentry and Sphere","floor":24,"turns":6},{"damage":38,"enemies":"Slavers","floor":25,"turns":6},{"damage":63,"enemies":"Gremlin Leader","floor":30,"turns":8},{"damage":4,"enemies":"3 Cultists","floor":31,"turns":5},{"damage":66,"enemies":"Champ","floor":33,"turns":12}],"seed_played":"-5333881499534940410","potions_obtained":[{"floor":1.0,"key":"Fruit Juice"},{"floor":10.0,"key":"SteroidPotion"},{"floor":13.0,"key":"SpeedPotion"},{"floor":14.0,"key":"Weak Potion"},{"floor":16.0,"key":"DistilledChaos"},{"floor":18.0,"key":"Strength Potion"},{"floor":21,"key":"FairyPotion"},{"floor":24,"key":"DistilledChaos"},{"floor":30,"key":"EssenceOfSteel"}],"is_trial":false,"path_per_floor":["M","?","?","M","?","R","E","$","T","E","$","M","M","M","R","B",null,"M","?","M","M","$","R","M","E","T","R","?","$","E","M","R","B"],"character_chosen":"THE_SILENT","basemod:card_modifiers":[null,null,null,null,null,null,null,null,null,null,null,null,null,null,null,null,null,null,null,null,null,null,null,null,null,null],"items_purchased":["Fire Potion","Regen Potion","Footwork","Toy Ornithopter","Concentrate","Fire Potion"],"campfire_rested":1,"item_purchase_floors":[8,8,11,22,29,29],"current_hp_per_floor":[37,37,37,34,34,34,4,4,4,2,2,2,3,3,24,23,59,50,50,39,33,33,33,39,13,13,13,13,13,9,31,31,0],"gold":42,"neow_bonus":"TWO_FIFTY_GOLD","is_prod":false,"is_daily":false,"chose_seed":false,"campfire_upgraded":4,"win_rate":0,"timestamp":1716812728,"path_taken":["M","?","?","M","?","R","E","?","T","E","$","M","?","M","R","BOSS","M","?","?","M","$","R","M","E","T","R","?","$","E","M","R","BOSS"],"build_version":"2022-12-18","purchased_purges":2,"victory":false,"max_hp_per_floor":[66,66,66,66,66,66,71,71,71,71,71,71,71,71,71,71,71,71,71,71,71,71,71,71,71,71,71,71,71,71,71,71,71],"relic_stats":{"counters":[16,104],"Snake Skull":[13],"Ancient Tea Set":[8],"obtain_stats":[{"Blood Vial":10,"SacredBark":17,"Snake Skull":30,"StrikeDummy":7,"Ancient Tea Set":9,"Toy Ornithopter":22,"Ring of the Snake":0},{"Blood Vial":4,"SacredBark":8,"Snake Skull":14,"StrikeDummy":3,"Ancient Tea Set":3,"Toy Ornithopter":11,"Ring of the Snake":0},{"Blood Vial":23,"SacredBark":52,"Snake Skull":87,"StrikeDummy":16,"Ancient Tea Set":16,"Toy Ornithopter":67,"Ring of the Snake":0}],"Toy Ornithopter":55,"Ring of the Snake":[32]},"card_choices":[{"not_picked":["Finisher","Riddle With Holes"],"picked":"Skewer","floor":1.0},{"not_picked":["Outmaneuver","Sucker Punch"],"picked":"Eviscerate","floor":4.0},{"not_picked":["Blur","Crippling Poison"],"picked":"Prepared","floor":7.0},{"not_picked":["Catalyst","A Thousand Cuts"],"picked":"PiercingWail","floor":10.0},{"not_picked":["Setup","Underhanded Strike"],"picked":"Deflect","floor":12.0},{"not_picked":["Terror","Cloak And Dagger"],"picked":"Well Laid Plans","floor":13.0},{"not_picked":["Escape Plan","Dagger Throw"],"picked":"Reflex","floor":14.0},{"not_picked":["Wraith Form v2","Bullet Time"],"picked":"Venomology","floor":16.0},{"not_picked":["Dagger Spray","Sucker Punch","Accuracy"],"picked":"SKIP","floor":18.0},{"not_picked":["Crippling Poison","Cloak And Dagger"],"picked":"Terror","floor":20},{"not_picked":["Dodge and Roll","Bouncing Flask+1"],"picked":"Noxious Fumes","floor":21},{"not_picked":["Outmaneuver+1","Calculated Gamble"],"picked":"Acrobatics","floor":24},{"not_picked":["Doppelganger","Dodge and Roll","Leg Sweep"],"picked":"SKIP","floor":25},{"not_picked":["Predator","Deadly Poison"],"picked":"Venomology","floor":30},{"not_picked":["Flechettes","Deflect+1","PiercingWail"],"picked":"SKIP","floor":31}],"player_experience":718502,"relics_obtained":[{"floor":7.0,"key":"StrikeDummy"},{"floor":9.0,"key":"Ancient Tea Set"},{"floor":10.0,"key":"Blood Vial"},{"floor":30,"key":"Snake Skull"}],"event_choices":[{"damage_healed":0.0,"max_hp_gain":0.0,"max_hp_loss":0.0,"gold_gain":0.0,"event_name":"Liars Game","player_choice":"Ignored","floor":2.0,"gold_loss":0.0,"damage_taken":0.0},{"damage_healed":0.0,"max_hp_gain":0.0,"max_hp_loss":0.0,"gold_gain":0.0,"event_name":"Shining Light","player_choice":"Ignored","floor":3.0,"gold_loss":0.0,"damage_taken":0.0},{"damage_healed":0.0,"max_hp_gain":0.0,"max_hp_loss":0.0,"gold_gain":0.0,"event_name":"Scrap Ooze","player_choice":"Fled","floor":5.0,"gold_loss":0.0,"damage_taken":0.0},{"damage_healed":0.0,"max_hp_gain":0.0,"max_hp_loss":0.0,"gold_gain":0.0,"event_name":"Upgrade Shrine","player_choice":"Upgraded","floor":19.0,"gold_loss":0.0,"damage_taken":0.0,"cards_upgraded":["Prepared"]},{"damage_healed":0,"gold_gain":0,"player_choice":"Became a vampire (Vial)","damage_taken":0,"max_hp_gain":0,"max_hp_loss":0,"event_name":"Vampires","floor":28,"relics_lost":["Blood Vial"],"gold_loss":0,"cards_obtained":["Bite","Bite","Bite","Bite","Bite"]}],"is_beta":false,"boss_relics":[{"not_picked":["Runic Dome","Coffee Dripper"],"picked":"SacredBark"}],"items_purged_floors":[8,11],"is_endless":false,"potions_floor_spawned":[1,10,13,14,16,18,21,24,30],"killed_by":"Champ","ascension_level":20}