{"gold_per_floor":[117,117,127,145,159,159,189,216,262,262,295,295,325,348,360,449,461,487,499,526,153,53,53,88,105,105,120,120,147,147,157,157,231,231,249,266,279,293,304,334,334,364,364,376,376,387,387,412,412,412,412,412,55,85,85],"floor_reached":56,"playtime":2215,"items_purged":["Strike_P","Evaluate","Strike_P+1"],"score":2009,"play_id":"7077c966-8673-4952-bdcc-a9eac44dc46f","local_time":"20240524022212","is_ascension_mode":true,"campfire_choices":[{"data":"EmptyFist","floor":6.0,"key":"SMITH"},{"data":"CutThroughFate","floor":10.0,"key":"SMITH"},{"data":"Strike_P","floor":15.0,"key":"SMITH"},{"data":"DeusExMachina","floor":23.0,"key":"SMITH"},{"data":"Tantrum","floor":28.0,"key":"SMITH"},{"floor":30.0,"key":"REST"},{"floor":32.0,"key":"RECALL"},{"floor":41.0,"key":"REST"},{"floor":45,"key":"REST"},{"floor":49,"key":"REST"},{"floor":52,"key":"REST"}],"neow_cost":"NONE","seed_source_timestamp":0,"circlet_count":0,"master_deck":["AscendersBane","Defend_P","Defend_P","Eruption","Vigilance","CutThroughFate+1","EmptyFist+1","InnerPeace","DeusExMachina+1","Devotion+1","Tantrum+1","Adaptation+1","Worship","Wallop+1","Swivel","Vault","Adaptation+1","EmptyMind","TalkToTheHand+1","FearNoEvil","DevaForm+1","Fasting2+1"],"special_seed":0,"relics":["Snecko Eye","Gremlin Horn","Art of War","Anchor","Frozen Egg 2","MawBank","Empty Cage","Vajra","Dream Catcher","Pear","Bag of Marbles","Fusion Hammer","Bag of Preparation","Regal Pillow","CaptainsWheel","Mummified Hand"],"potions_floor_usage":[55,55],"damage_taken":[{"damage":0.0,"enemies":"Small Slimes","floor":1.0,"turns":3.0},{"damage":0.0,"enemies":"Cultist","floor":3.0,"turns":3.0},{"damage":2.0,"enemies":"Jaw Worm","floor":4.0,"turns":3.0},{"damage":0.0,"enemies":"Blue Slaver","floor":5.0,"turns":3.0},{"damage":17.0,"enemies":"Lagavulin","floor":8.0,"turns":5.0},{"damage":0.0,"enemies":"Gremlin Nob","floor":11.0,"turns":2.0},{"damage":0.0,"enemies":"Exordium Wildlife","floor":13.0,"turns":2.0},{"damage":0.0,"enemies":"Gremlin Gang","floor":14.0,"turns":3.0},{"damage":14.0,"enemies":"Hexaghost","floor":16.0,"turns":6.0},{"damage":1.0,"enemies":"3 Byrds","floor":18.0,"turns":4.0},{"damage":0.0,"enemies":"Shell Parasite","floor":20.0,"turns":2.0},{"damage":14.0,"enemies":"Slavers","floor":24.0,"turns":3.0},{"damage":8.0,"enemies":"Centurion and Healer","floor":25.0,"turns":3.0},{"damage":0.0,"enemies":"3 Cultists","floor":27.0,"turns":2.0},{"damage":16.0,"enemies":"Book of Stabbing","floor":29.0,"turns":3.0},{"damage":0.0,"enemies":"Chosen and Byrds","floor":31.0,"turns":3.0},{"damage":0.0,"enemies":"Collector","floor":33.0,"turns":5.0},{"damage":0.0,"enemies":"Orb Walker","floor":35.0,"turns":2.0},{"damage":0.0,"enemies":"3 Darklings","floor":36.0,"turns":3.0},{"damage":1.0,"enemies":"Maw","floor":37.0,"turns":5.0},{"damage":0.0,"enemies":"Jaw Worm Horde","floor":38.0,"turns":2.0},{"damage":0.0,"enemies":"4 Shapes","floor":39.0,"turns":3.0},{"damage":0.0,"enemies":"Reptomancer","floor":40.0,"turns":2.0},{"damage":37,"enemies":"Nemesis","floor":42,"turns":6},{"damage":0,"enemies":"Sphere and 2 Shapes","floor":44,"turns":4},{"damage":6,"enemies":"Maw","floor":46,"turns":6},{"damage":5,"enemies":"Mind Bloom Boss Battle","floor":48,"turns":4},{"damage":44,"enemies":"Time Eater","floor":50,"turns":6},{"damage":23,"enemies":"Shield and Spear","floor":54,"turns":5},{"damage":28,"enemies":"The Heart","floor":55,"turns":6}],"seed_played":"-8135562292515922004","potions_obtained":[{"floor":4.0,"key":"SkillPotion"},{"floor":8.0,"key":"LiquidBronze"},{"floor":13.0,"key":"DuplicationPotion"},{"floor":18.0,"key":"Dexterity Potion"},{"floor":31.0,"key":"StancePotion"},{"floor":37.0,"key":"DistilledChaos"},{"floor":38.0,"key":"StancePotion"},{"floor":42,"key":"PowerPotion"}],"is_trial":false,"path_per_floor":["M","?","M","M","M","R","?","E","T","R","E","?","M","M","R","B",null,"M","?","M","$","$","R","E","M","T","M","R","E","R","M","R","B",null,"M","M","M","M","M","E","R","E","T","M","R","M","?","?","R","B",null,"R","$","E","B",null],"character_chosen":"WATCHER","basemod:card_modifiers":[null,null,null,null,null,null,null,null,null,null,null,null,null,null,null,null,null,null,null,null,null,null],"items_purchased":["Adaptation+1","Worship","Vajra","Energy Potion","DevaForm+1","LiquidBronze"],"campfire_rested":5,"item_purchase_floors":[21,21,21,21,53,53],"current_hp_per_floor":[65,65,65,63,63,63,63,46,46,46,46,34,34,34,34,20,59,58,58,58,58,58,58,44,36,46,46,46,30,54,54,54,54,75,75,75,74,74,74,74,82,45,45,45,82,76,76,71,82,38,71,82,82,59,31],"gold":85,"neow_bonus":"BOSS_RELIC","is_prod":false,"is_daily":false,"chose_seed":false,"campfire_upgraded":5,"win_rate":0,"timestamp":1716484932,"path_taken":["M","?","?","M","M","R","?","E","T","R","E","?","M","M","R","BOSS","M","?","?","?","$","R","E","M","T","?","R","E","R","M","R","BOSS","M","M","M","M","M","E","R","E","T","?","R","M","?","?","R","BOSS","R","$","E","BOSS"],"build_version":"2022-12-18","purchased_purges":3,"victory":true,"max_hp_per_floor":[72,72,72,72,72,72,72,72,72,72,72,72,72,72,72,72,72,72,72,72,72,72,72,72,72,82,82,82,82,82,82,82,82,82,82,82,82,82,82,82,82,82,82,82,82,82,82,82,82,82,82,82,82,82,82],"relic_stats":{"Dream Catcher":5,"Regal Pillow":13,"Gremlin Horn":[27,26],"counters":[30,109],"Mummified Hand":[15],"Snecko Eye":[261,211,247,239,-192],"Art of War":[6],"Bag of Preparation":[14],"MawBank":108,"obtain_stats":[{"Regal Pillow":42,"Pear":26,"Gremlin Horn":7,"Vajra":21,"Bag of Preparation":40,"Frozen Egg 2":11,"MawBank":12,"Empty Cage":17,"Anchor":9,"Dream Catcher":24,"CaptainsWheel":48,"Mummified Hand":54,"Snecko Eye":0,"Fusion Hammer":34,"Art of War":8,"Bag of Marbles":29,"PureWater":0},{"Regal Pillow":24,"Pear":13,"Gremlin Horn":4,"Vajra":11,"Bag of Preparation":23,"Frozen Egg 2":6,"MawBank":6,"Empty Cage":9,"Anchor":5,"Dream Catcher":12,"CaptainsWheel":27,"Mummified Hand":29,"Snecko Eye":0,"Fusion Hammer":17,"Art of War":5,"Bag of Marbles":15,"PureWater":0},{"Regal Pillow":78,"Pear":42,"Gremlin Horn":12,"Vajra":36,"Bag of Preparation":72,"Frozen Egg 2":19,"MawBank":19,"Empty Cage":30,"Anchor":17,"Dream Catcher":39,"CaptainsWheel":92,"Mummified Hand":103,"Snecko Eye":0,"Fusion Hammer":55,"Art of War":17,"Bag of Marbles":47,"PureWater":0}]},"card_choices":[{"not_picked":["CrushJoints","Nirvana"],"picked":"CutThroughFate","floor":1.0},{"not_picked":["ReachHeaven","SashWhip"],"picked":"EmptyFist","floor":3.0},{"not_picked":["CutThroughFate","FlyingSleeves"],"picked":"InnerPeace","floor":4.0},{"not_picked":["CutThroughFate","ClearTheMind","Study"],"picked":"SKIP","floor":5.0},{"not_picked":["Evaluate","Blasphemy","BattleHymn"],"picked":"SKIP","floor":8.0},{"not_picked":["Prostrate","Blasphemy","Conclude"],"picked":"SKIP","floor":11.0},{"not_picked":["FlyingSleeves","Halt","Evaluate"],"picked":"SKIP","floor":13.0},{"not_picked":["ThirdEye","Prostrate","Nirvana+1"],"picked":"SKIP","floor":14.0},{"not_picked":["Alpha","MasterReality+1"],"picked":"DeusExMachina","floor":16.0},{"not_picked":["Study+1","Halt","FlyingSleeves"],"picked":"SKIP","floor":18.0},{"not_picked":["PathToVictory","Perseverance+1"],"picked":"Tantrum","floor":20.0},{"not_picked":["BowlingBash","ClearTheMind+1","Prostrate"],"picked":"SKIP","floor":24.0},{"not_picked":["Devotion+1","Fasting2+1"],"picked":"Wallop+1","floor":25.0},{"not_picked":["ClearTheMind","Prostrate"],"picked":"Swivel","floor":27.0},{"not_picked":["ForeignInfluence+1","Wallop","PathToVictory"],"picked":"SKIP","floor":29.0},{"not_picked":["FlurryOfBlows","FollowUp","ThirdEye+1"],"picked":"SKIP","floor":31.0},{"not_picked":["Alpha","Establishment+1"],"picked":"Vault","floor":33.0},{"not_picked":["ForeignInfluence+1","FlurryOfBlows+1","TalkToTheHand"],"picked":"SKIP","floor":35.0},{"not_picked":["CrushJoints","FlurryOfBlows","Conclude+1"],"picked":"SKIP","floor":36.0},{"not_picked":["Evaluate","Pray"],"picked":"Adaptation+1","floor":37.0},{"not_picked":["Crescendo+1","Prostrate","Consecrate+1"],"picked":"SKIP","floor":38.0},{"not_picked":["Weave","LikeWater+1","Fasting2+1"],"picked":"SKIP","floor":39.0},{"not_picked":["Ragnarok","Sanctity","FlurryOfBlows"],"picked":"SKIP","floor":40.0},{"not_picked":["FlurryOfBlows","BowlingBash"],"picked":"EmptyMind","floor":41.0},{"not_picked":["SignatureMove+1","Evaluate"],"picked":"TalkToTheHand+1","floor":42},{"not_picked":["ThirdEye","EmptyFist+1"],"picked":"FearNoEvil","floor":44},{"not_picked":["FearNoEvil","ClearTheMind+1","Worship"],"picked":"SKIP","floor":46},{"not_picked":["Brilliance","FollowUp"],"picked":"Fasting2+1","floor":54}],"player_experience":692909,"relics_obtained":[{"floor":8.0,"key":"Art of War"},{"floor":9.0,"key":"Anchor"},{"floor":11.0,"key":"Frozen Egg 2"},{"floor":24.0,"key":"Dream Catcher"},{"floor":26.0,"key":"Pear"},{"floor":29.0,"key":"Bag of Marbles"},{"floor":40.0,"key":"Bag of Preparation"},{"floor":42,"key":"Regal Pillow"},{"floor":48,"key":"CaptainsWheel"},{"floor":54,"key":"Mummified Hand"}],"event_choices":[{"damage_healed":0.0,"max_hp_gain":0.0,"max_hp_loss":0.0,"gold_gain":0.0,"cards_transformed":["Strike_P"],"event_name":"Transmorgrifier","player_choice":"Transformed","floor":2.0,"gold_loss":0.0,"damage_taken":0.0,"cards_obtained":["Evaluate"]},{"damage_healed":0.0,"max_hp_gain":0.0,"max_hp_loss":0.0,"gold_gain":30.0,"event_name":"Dead Adventurer","player_choice":"Searched \u00272\u0027 times","floor":7.0,"gold_loss":0.0,"damage_taken":0.0,"relics_obtained":["Gremlin Horn"]},{"damage_healed":0.0,"max_hp_gain":0.0,"max_hp_loss":0.0,"gold_gain":0.0,"event_name":"Scrap Ooze","player_choice":"Success","floor":12.0,"gold_loss":0.0,"damage_taken":12.0,"relics_obtained":["MawBank"]},{"damage_healed":0.0,"max_hp_gain":0.0,"max_hp_loss":0.0,"gold_gain":0.0,"cards_transformed":["Defend_P"],"event_name":"Transmorgrifier","player_choice":"Transformed","floor":19.0,"gold_loss":0.0,"damage_taken":0.0,"cards_obtained":["Devotion"]},{"damage_healed":0,"gold_gain":0,"player_choice":"Ignored","damage_taken":0,"max_hp_gain":0,"max_hp_loss":0,"event_name":"Tomb of Lord Red Mask","floor":47,"gold_loss":0},{"damage_healed":0,"gold_gain":0,"player_choice":"Fight","damage_taken":0,"max_hp_gain":0,"max_hp_loss":0,"event_name":"MindBloom","floor":48,"gold_loss":0}],"is_beta":false,"boss_relics":[{"not_picked":["SlaversCollar","Sozu"],"picked":"Empty Cage"},{"not_picked":["Black Star","Runic Pyramid"],"picked":"Fusion Hammer"}],"items_purged_floors":[21,22,53],"is_endless":false,"potions_floor_spawned":[4,8,13,18,25,31,36,37,38,42,46],"ascension_level":13}