{"gold_per_floor":[118,134,151,164,174,174,203,203,203,203,237,263,290,302,314,403,415,440,452,478,500,525,537],"floor_reached":23,"playtime":942,"items_purged":[],"score":441,"play_id":"a8a2c915-a06d-465b-804a-4792649d0cf6","local_time":"20240603163035","is_ascension_mode":true,"campfire_choices":[{"data":"Eruption","floor":6,"key":"SMITH"},{"data":"Meditate","floor":8,"key":"SMITH"},{"data":"InnerPeace","floor":15,"key":"SMITH"}],"neow_cost":"NONE","seed_source_timestamp":89169559100,"circlet_count":0,"master_deck":["AscendersBane","Eruption+1","Vigilance","InnerPeace+1","BowlingBash","FearNoEvil","FollowUp","FlurryOfBlows","Meditate+1","Halt","Crescendo","SpiritShield","Indignation","Blasphemy","Perseverance","Nirvana","FlurryOfBlows","ReachHeaven","MentalFortress","Adaptation+1","Adaptation+1"],"relics":["PureWater","Vajra","Bird Faced Urn","Smiling Mask","MawBank","Pandora\u0027s Box"],"potions_floor_usage":[5,16,16,23],"damage_taken":[{"damage":0,"enemies":"Cultist","floor":1,"turns":3},{"damage":2,"enemies":"Jaw Worm","floor":2,"turns":3},{"damage":2,"enemies":"Small Slimes","floor":3,"turns":2},{"damage":3,"enemies":"2 Fungi Beasts","floor":4,"turns":4},{"damage":0,"enemies":"3 Louse","floor":5,"turns":2},{"damage":0,"enemies":"Gremlin Nob","floor":7,"turns":2},{"damage":10,"enemies":"3 Sentries","floor":11,"turns":2},{"damage":11,"enemies":"Blue Slaver","floor":12,"turns":3},{"damage":2,"enemies":"Exordium Thugs","floor":13,"turns":2},{"damage":41,"enemies":"The Guardian","floor":16,"turns":15},{"damage":22,"enemies":"2 Thieves","floor":18,"turns":2},{"damage":21,"enemies":"Shell Parasite","floor":20,"turns":2},{"damage":9,"enemies":"Snecko","floor":21,"turns":4},{"damage":11,"enemies":"Chosen and Byrds","floor":22,"turns":5},{"damage":8,"enemies":"Gremlin Leader","floor":23,"turns":1}],"seed_played":"-1323743173712234170","potions_obtained":[{"floor":2,"key":"Dexterity Potion"},{"floor":3,"key":"ColorlessPotion"},{"floor":5,"key":"Explosive Potion"},{"floor":21,"key":"Dexterity Potion"},{"floor":22,"key":"Energy Potion"}],"is_trial":false,"path_per_floor":["M","M","M","M","M","R","E","R","T","?","E","M","M","?","R","B",null,"M","?","M","M","M","E"],"character_chosen":"WATCHER","basemod:card_modifiers":[null,null,null,null,null,null,null,null,null,null,null,null,null,null,null,null,null,null,null,null,null],"items_purchased":[],"campfire_rested":0,"item_purchase_floors":[],"current_hp_per_floor":[61,59,57,54,54,54,54,54,54,54,44,33,31,53,53,12,54,32,32,13,6,1,0],"gold":537,"neow_bonus":"RANDOM_COMMON_RELIC","is_prod":false,"is_daily":false,"chose_seed":false,"campfire_upgraded":3,"win_rate":0,"timestamp":1717399835,"path_taken":["M","M","M","M","M","R","E","R","T","?","E","M","M","?","R","BOSS","M","?","M","?","M","E"],"build_version":"2022-12-18","purchased_purges":0,"victory":false,"max_hp_per_floor":[68,68,68,68,68,68,68,68,68,68,68,68,68,68,68,68,68,68,68,68,68,68,68],"relic_stats":{"counters":[15,52],"Bird Faced Urn":[10],"Pandora\u0027s Box":["Indignation","Blasphemy","Perseverance","Nirvana","FlurryOfBlows","ReachHeaven","MentalFortress"],"PureWater":[4],"Smiling Mask":0,"MawBank":144,"obtain_stats":[{"Bird Faced Urn":7,"Vajra":0,"Pandora\u0027s Box":17,"PureWater":0,"Smiling Mask":9,"MawBank":11},{"Bird Faced Urn":6,"Vajra":0,"Pandora\u0027s Box":10,"PureWater":0,"Smiling Mask":6,"MawBank":7},{"Bird Faced Urn":16,"Vajra":0,"Pandora\u0027s Box":38,"PureWater":0,"Smiling Mask":16,"MawBank":18}]},"card_choices":[{"not_picked":["Halt","PathToVictory"],"picked":"InnerPeace","floor":1},{"not_picked":["Prostrate","ReachHeaven"],"picked":"BowlingBash","floor":2},{"not_picked":["ThirdEye","BowlingBash"],"picked":"FearNoEvil","floor":3},{"not_picked":["BowlingBash","Pray"],"picked":"FollowUp","floor":4},{"not_picked":["InnerPeace","ThirdEye"],"picked":"FlurryOfBlows","floor":5},{"not_picked":["Study","Establishment"],"picked":"Meditate","floor":7},{"not_picked":["ClearTheMind","WreathOfFlame"],"picked":"Halt","floor":11},{"not_picked":["ThirdEye","WreathOfFlame","Halt"],"picked":"SKIP","floor":12},{"not_picked":["Evaluate","JustLucky"],"picked":"Crescendo","floor":13},{"not_picked":["Devotion","DeusExMachina"],"picked":"SpiritShield","floor":16},{"not_picked":["ClearTheMind","Evaluate"],"picked":"Adaptation+1","floor":18},{"not_picked":["SignatureMove","TalkToTheHand","Worship"],"picked":"SKIP","floor":20},{"not_picked":["Study","FlurryOfBlows","CutThroughFate"],"picked":"SKIP","floor":21},{"not_picked":["FollowUp","SandsOfTime","Worship"],"picked":"SKIP","floor":22}],"player_experience":734720,"relics_obtained":[{"floor":7,"key":"Bird Faced Urn"},{"floor":9,"key":"Smiling Mask"},{"floor":11,"key":"MawBank"}],"event_choices":[{"cards_removed":["Defend_P"],"damage_healed":0,"gold_gain":0,"player_choice":"Forget","damage_taken":0,"max_hp_gain":0,"max_hp_loss":0,"event_name":"Living Wall","floor":10,"gold_loss":0},{"damage_healed":22,"gold_gain":0,"player_choice":"Banana","damage_taken":0,"max_hp_gain":0,"max_hp_loss":0,"event_name":"Big Fish","floor":14,"gold_loss":0},{"damage_healed":0,"gold_gain":0,"player_choice":"Copied","damage_taken":0,"max_hp_gain":0,"max_hp_loss":0,"event_name":"Duplicator","floor":19,"gold_loss":0,"cards_obtained":["Adaptation"]}],"is_beta":false,"boss_relics":[{"not_picked":["Cursed Key","Tiny House"],"picked":"Pandora\u0027s Box"}],"items_purged_floors":[],"is_endless":false,"potions_floor_spawned":[2,3,5,13,21,22],"killed_by":"Gremlin Leader","ascension_level":18}