{"gold_per_floor":[369,9,25,25,37,372,402,402,402,428,478,495,475],"floor_reached":13,"playtime":257,"items_purged":["Strike_R"],"score":186,"play_id":"3d5c9570-24a0-4402-a864-dc224ffc8041","local_time":"20240602153404","is_ascension_mode":true,"campfire_choices":[{"floor":8.0,"key":"REST"}],"neow_cost":"TEN_PERCENT_HP_LOSS","seed_source_timestamp":16975357972800,"circlet_count":0,"master_deck":["AscendersBane","Strike_R","Strike_R","Strike_R","Strike_R","Defend_R","Defend_R","Defend_R","Defend_R","Bash","Infernal Blade","Dropkick","Combust","Feed"],"special_seed":0,"relics":["Burning Blood","Gremlin Horn","Old Coin","Nunchaku","Sundial","Red Skull"],"potions_floor_usage":[10],"damage_taken":[{"damage":21.0,"enemies":"Jaw Worm","floor":1.0,"turns":6.0},{"damage":7.0,"enemies":"2 Louse","floor":3.0,"turns":2.0},{"damage":1.0,"enemies":"Cultist","floor":5.0,"turns":3.0},{"damage":32.0,"enemies":"Gremlin Nob","floor":6.0,"turns":4.0},{"damage":47,"enemies":"Lagavulin","floor":10,"turns":9},{"damage":6,"enemies":"Looter","floor":12,"turns":2},{"damage":12,"enemies":"Exordium Thugs","floor":13,"turns":1}],"seed_played":"-5852186822864736631","potions_obtained":[{"floor":1.0,"key":"Weak Potion"},{"floor":3.0,"key":"Weak Potion"}],"is_trial":false,"path_per_floor":["M","$","M","?","M","E","?","R","T","E","?","M","M"],"character_chosen":"IRONCLAD","basemod:card_modifiers":[null,null,null,null,null,null,null,null,null,null,null,null,null,null],"items_purchased":["Gremlin Horn"],"campfire_rested":1,"item_purchase_floors":[2],"current_hp_per_floor":[53,53,52,52,57,31,31,51,51,10,10,10,0],"gold":475,"neow_bonus":"TWO_FIFTY_GOLD","is_prod":false,"is_daily":false,"chose_seed":false,"campfire_upgraded":0,"win_rate":0,"timestamp":1717310044,"path_taken":["M","$","M","?","M","E","?","R","T","E","?","M","?"],"build_version":"2022-12-18","purchased_purges":1,"victory":false,"max_hp_per_floor":[68,68,68,68,68,68,68,68,68,68,68,68,68],"relic_stats":{"Nunchaku":[2],"Gremlin Horn":[1,1],"counters":[7,27],"Sundial":[2],"obtain_stats":[{"Nunchaku":7,"Gremlin Horn":2,"Sundial":9,"Burning Blood":0,"Red Skull":10,"Old Coin":6},{"Nunchaku":4,"Gremlin Horn":1,"Sundial":4,"Burning Blood":0,"Red Skull":5,"Old Coin":4},{"Nunchaku":15,"Gremlin Horn":6,"Sundial":15,"Burning Blood":0,"Red Skull":24,"Old Coin":15}],"Burning Blood":36},"card_choices":[{"not_picked":["Bloodletting","Clothesline"],"picked":"Infernal Blade","floor":1.0},{"not_picked":["Cleave","Pommel Strike"],"picked":"Dropkick","floor":3.0},{"not_picked":["Sword Boomerang","Rupture"],"picked":"Combust","floor":5.0},{"not_picked":["Cleave","Metallicize","Warcry"],"picked":"SKIP","floor":6.0},{"not_picked":["Bloodletting","Headbutt"],"picked":"Feed","floor":10},{"not_picked":["Body Slam","Headbutt","Twin Strike"],"picked":"SKIP","floor":12}],"player_experience":732531,"relics_obtained":[{"floor":6.0,"key":"Old Coin"},{"floor":9.0,"key":"Sundial"},{"floor":10,"key":"Red Skull"}],"event_choices":[{"damage_healed":0.0,"max_hp_gain":0.0,"max_hp_loss":0.0,"gold_gain":0.0,"event_name":"Liars Game","player_choice":"Ignored","floor":4.0,"gold_loss":0.0,"damage_taken":0.0},{"damage_healed":0.0,"max_hp_gain":0.0,"max_hp_loss":0.0,"gold_gain":30.0,"event_name":"Dead Adventurer","player_choice":"Searched \u00272\u0027 times","floor":7.0,"gold_loss":0.0,"damage_taken":0.0,"relics_obtained":["Nunchaku"]},{"damage_healed":0,"gold_gain":50,"player_choice":"Pray","damage_taken":0,"max_hp_gain":0,"max_hp_loss":0,"event_name":"Golden Shrine","floor":11,"gold_loss":0}],"is_beta":false,"boss_relics":[],"items_purged_floors":[2],"is_endless":false,"potions_floor_spawned":[1,3],"killed_by":"Exordium Thugs","ascension_level":20}