{"gold_per_floor":[112,112,129,129,146,178,178,207,207,220,236,271,282,42,42,115,115,135,150,50,68,68,68,97,108,131,131,146,174,174,208,208,282,282,294,309,360,380,93,93,120,120,120,445,458,483,483,518,518,518,518],"floor_reached":51,"playtime":1932,"items_purged":["Strike_R","Strike_R","Bite"],"score":1655,"play_id":"3458fbc8-30ab-4283-804e-c7747ac130be","local_time":"20240602161148","is_ascension_mode":true,"campfire_choices":[{"data":"Whirlwind","floor":7.0,"key":"SMITH"},{"data":"Shockwave","floor":15.0,"key":"SMITH"},{"data":"Uppercut","floor":23.0,"key":"SMITH"},{"data":"Disarm","floor":27.0,"key":"SMITH"},{"floor":32.0,"key":"REST"},{"data":"Feel No Pain","floor":40,"key":"SMITH"},{"floor":42,"key":"RECALL"},{"data":"Shockwave","floor":47,"key":"SMITH"},{"data":"Bludgeon","floor":49,"key":"SMITH"}],"neow_cost":"NONE","seed_source_timestamp":17317043224300,"circlet_count":0,"master_deck":["AscendersBane","Defend_R","Defend_R","Defend_R","Defend_R","Bash+1","Headbutt","Disarm+1","Whirlwind+1","Shockwave+1","Battle Trance","Shrug It Off","Dark Embrace","Dropkick","Uppercut+1","Second Wind","True Grit+1","Dark Embrace","Spot Weakness","Barricade","Bite","Bite","Bite","Bite","Feed","Bludgeon+1","Shockwave+1","Feel No Pain+1","Sentinel","Second Wind"],"special_seed":0,"relics":["Burning Blood","NeowsBlessing","Bronze Scales","Darkstone Periapt","Self Forming Clay","Orichalcum","Snecko Eye","Omamori","Dream Catcher","Juzu Bracelet","Cursed Key","CaptainsWheel","Calipers","Old Coin","InkBottle","Sundial"],"potions_floor_usage":[37,51,51],"damage_taken":[{"damage":0.0,"enemies":"Small Slimes","floor":1.0,"turns":2.0},{"damage":0.0,"enemies":"Cultist","floor":3.0,"turns":1.0},{"damage":0.0,"enemies":"Jaw Worm","floor":5.0,"turns":1.0},{"damage":25.0,"enemies":"3 Sentries","floor":6.0,"turns":6.0},{"damage":34.0,"enemies":"Lagavulin","floor":8.0,"turns":8.0},{"damage":0.0,"enemies":"Lots of Slimes","floor":10.0,"turns":1.0},{"damage":0.0,"enemies":"Gremlin Gang","floor":11.0,"turns":1.0},{"damage":10.0,"enemies":"Gremlin Nob","floor":12.0,"turns":3.0},{"damage":4.0,"enemies":"Red Slaver","floor":13.0,"turns":4.0},{"damage":37.0,"enemies":"The Guardian","floor":16.0,"turns":15.0},{"damage":0.0,"enemies":"3 Byrds","floor":18.0,"turns":2.0},{"damage":9.0,"enemies":"Shell Parasite","floor":19.0,"turns":2.0},{"damage":10.0,"enemies":"Centurion and Healer","floor":21.0,"turns":4.0},{"damage":23.0,"enemies":"Gremlin Leader","floor":24.0,"turns":6.0},{"damage":2.0,"enemies":"Sentry and Sphere","floor":25.0,"turns":5.0},{"damage":5.0,"enemies":"Snecko","floor":28.0,"turns":5.0},{"damage":24.0,"enemies":"Slavers","floor":29.0,"turns":5.0},{"damage":23.0,"enemies":"Gremlin Leader","floor":31.0,"turns":5.0},{"damage":22.0,"enemies":"Champ","floor":33.0,"turns":12.0},{"damage":27.0,"enemies":"3 Shapes","floor":35.0,"turns":8.0},{"damage":20.0,"enemies":"3 Darklings","floor":36.0,"turns":6.0},{"damage":26,"enemies":"2 Orb Walkers","floor":37,"turns":5},{"damage":0,"enemies":"Jaw Worm Horde","floor":38,"turns":2},{"damage":2,"enemies":"Nemesis","floor":41,"turns":7},{"damage":0,"enemies":"Mind Bloom Boss Battle","floor":44,"turns":8},{"damage":0,"enemies":"Spire Growth","floor":45,"turns":5},{"damage":29,"enemies":"Reptomancer","floor":46,"turns":4},{"damage":0,"enemies":"Nemesis","floor":48,"turns":9},{"damage":63,"enemies":"Donu and Deca","floor":50,"turns":10},{"damage":53,"enemies":"Awakened One","floor":51,"turns":6}],"seed_played":"-4050507103276985223","potions_obtained":[{"floor":1.0,"key":"BlessingOfTheForge"},{"floor":2.0,"key":"BlessingOfTheForge"},{"floor":2.0,"key":"LiquidMemories"},{"floor":10.0,"key":"DuplicationPotion"},{"floor":12.0,"key":"SteroidPotion"},{"floor":13.0,"key":"Strength Potion"},{"floor":18.0,"key":"Strength Potion"},{"floor":25.0,"key":"CultistPotion"},{"floor":28.0,"key":"SneckoOil"},{"floor":29.0,"key":"Fire Potion"},{"floor":35.0,"key":"HeartOfIron"},{"floor":44,"key":"ColorlessPotion"},{"floor":45,"key":"LiquidMemories"}],"is_trial":false,"path_per_floor":["M","?","M","?","M","E","R","E","T","M","M","E","M","$","R","B",null,"M","M","$","M","$","R","E","M","T","R","M","E","?","E","R","B",null,"M","M","?","M","$","R","E","R","T","?","M","E","R","E","R","B","B"],"character_chosen":"IRONCLAD","basemod:card_modifiers":[null,null,null,null,null,null,null,null,null,null,null,null,null,null,null,null,null,null,null,null,null,null,null,null,null,null,null,null,null,null],"items_purchased":["Dark Embrace","Dropkick","Feel No Pain","Sentinel"],"campfire_rested":1,"item_purchase_floors":[14,14,39,39],"current_hp_per_floor":[74,74,75,75,75,56,56,28,28,34,40,36,38,38,38,7,58,64,61,61,57,57,57,40,44,44,44,47,31,31,22,44,42,67,53,43,30,41,41,41,56,56,56,71,88,75,75,96,96,46,9],"gold":518,"neow_bonus":"THREE_ENEMY_KILL","is_prod":false,"is_daily":false,"chose_seed":false,"campfire_upgraded":7,"win_rate":0,"timestamp":1717312308,"path_taken":["M","?","?","?","M","E","R","E","T","M","M","E","M","$","R","BOSS","M","?","?","?","?","R","E","M","T","R","M","E","?","E","R","BOSS","M","M","?","M","$","R","E","R","T","?","M","E","R","E","R","BOSS","BOSS"],"build_version":"2022-12-18","purchased_purges":3,"victory":false,"max_hp_per_floor":[75,75,75,75,75,75,75,75,75,75,75,75,75,75,75,75,75,75,75,75,75,75,75,75,75,75,75,75,75,75,75,75,75,75,78,78,81,84,84,84,87,87,87,90,93,93,93,96,96,99,99],"relic_stats":{"Darkstone Periapt":0,"Calipers":[6],"counters":[30,158],"Self Forming Clay":[165],"Omamori":1,"Juzu Bracelet":0,"Orichalcum":[132],"Cursed Key":1,"Burning Blood":161,"Dream Catcher":1,"Sundial":[6],"Bronze Scales":[481],"Snecko Eye":[241,267,255,258,-286],"obtain_stats":[{"Darkstone Periapt":8,"Calipers":41,"NeowsBlessing":0,"Self Forming Clay":9,"Omamori":24,"Juzu Bracelet":31,"Orichalcum":12,"Cursed Key":34,"Burning Blood":0,"Old Coin":44,"Blood Vial":26,"Dream Catcher":29,"CaptainsWheel":37,"Sundial":48,"Bronze Scales":6,"Snecko Eye":17,"InkBottle":46},{"Darkstone Periapt":5,"Calipers":24,"NeowsBlessing":0,"Self Forming Clay":5,"Omamori":14,"Juzu Bracelet":18,"Orichalcum":8,"Cursed Key":19,"Burning Blood":0,"Old Coin":25,"Blood Vial":15,"Dream Catcher":17,"CaptainsWheel":22,"Sundial":28,"Bronze Scales":4,"Snecko Eye":10,"InkBottle":27},{"Darkstone Periapt":18,"Calipers":116,"NeowsBlessing":0,"Self Forming Clay":18,"Omamori":56,"Juzu Bracelet":76,"Orichalcum":23,"Cursed Key":88,"Burning Blood":0,"Old Coin":124,"Blood Vial":61,"Dream Catcher":71,"CaptainsWheel":107,"Sundial":142,"Bronze Scales":10,"Snecko Eye":42,"InkBottle":133}],"InkBottle":[12]},"card_choices":[{"not_picked":["Rage","Sever Soul"],"picked":"Headbutt","floor":1.0},{"not_picked":["Twin Strike","True Grit"],"picked":"Disarm","floor":3.0},{"not_picked":["Clothesline","Sword Boomerang"],"picked":"Whirlwind","floor":5.0},{"not_picked":["Iron Wave","Rage"],"picked":"Shockwave","floor":6.0},{"not_picked":["Headbutt","Body Slam","Sever Soul"],"picked":"SKIP","floor":8.0},{"not_picked":["Pommel Strike","Sentinel","Anger"],"picked":"SKIP","floor":10.0},{"not_picked":["Pommel Strike","Heavy Blade","Flex"],"picked":"SKIP","floor":11.0},{"not_picked":["Clothesline","Juggernaut"],"picked":"Battle Trance","floor":12.0},{"not_picked":["Clash","Burning Pact"],"picked":"Shrug It Off","floor":13.0},{"not_picked":["Pommel Strike","Clash"],"picked":"Uppercut","floor":18.0},{"not_picked":["True Grit","Dark Embrace"],"picked":"Second Wind","floor":19.0},{"not_picked":["Infernal Blade","Body Slam","Perfected Strike"],"picked":"SKIP","floor":21.0},{"not_picked":["Iron Wave","Flex"],"picked":"True Grit+1","floor":24.0},{"not_picked":["Pommel Strike","Second Wind"],"picked":"Dark Embrace","floor":25.0},{"not_picked":["Iron Wave","Havoc"],"picked":"Spot Weakness","floor":28.0},{"not_picked":["Sever Soul","Heavy Blade"],"picked":"Barricade","floor":29.0},{"not_picked":["Body Slam","Anger"],"picked":"Feed","floor":31.0},{"not_picked":["Brutality","Berserk"],"picked":"Bludgeon","floor":33.0},{"not_picked":["Anger","Battle Trance","Cleave+1"],"picked":"SKIP","floor":35.0},{"not_picked":["Anger","Pommel Strike","Cleave"],"picked":"SKIP","floor":36.0},{"not_picked":["Armaments","Headbutt"],"picked":"Shockwave","floor":37},{"not_picked":["Sever Soul","Body Slam+1","Havoc"],"picked":"SKIP","floor":38},{"not_picked":["Metallicize","Exhume","Twin Strike"],"picked":"SKIP","floor":41},{"not_picked":["Twin Strike","Warcry"],"picked":"Second Wind","floor":45},{"not_picked":["Metallicize","Perfected Strike+1","Reckless Charge"],"picked":"SKIP","floor":46},{"not_picked":["Reckless Charge+1","Inflame","Iron Wave"],"picked":"SKIP","floor":48}],"player_experience":732788,"relics_obtained":[{"floor":6.0,"key":"Bronze Scales"},{"floor":8.0,"key":"Darkstone Periapt"},{"floor":9.0,"key":"Self Forming Clay"},{"floor":12.0,"key":"Orichalcum"},{"floor":24.0,"key":"Omamori"},{"floor":26.0,"key":"Blood Vial"},{"floor":29.0,"key":"Dream Catcher"},{"floor":31.0,"key":"Juzu Bracelet"},{"floor":37,"key":"CaptainsWheel"},{"floor":41,"key":"Calipers"},{"floor":44,"key":"Old Coin"},{"floor":46,"key":"InkBottle"},{"floor":48,"key":"Sundial"}],"event_choices":[{"damage_healed":0.0,"max_hp_gain":0.0,"max_hp_loss":0.0,"gold_gain":0.0,"event_name":"Lab","player_choice":"Got Potions","floor":2.0,"gold_loss":0.0,"damage_taken":0.0},{"damage_healed":0.0,"max_hp_gain":0.0,"max_hp_loss":0.0,"gold_gain":0.0,"event_name":"Upgrade Shrine","player_choice":"Upgraded","floor":4.0,"gold_loss":0.0,"damage_taken":0.0,"cards_upgraded":["Bash"]},{"damage_healed":0.0,"max_hp_gain":0.0,"max_hp_loss":0.0,"gold_gain":0.0,"event_name":"Vampires","player_choice":"Became a vampire (Vial)","floor":30.0,"relics_lost":["Blood Vial"],"gold_loss":0.0,"damage_taken":0.0,"cards_obtained":["Bite","Bite","Bite","Bite","Bite"]},{"damage_healed":0,"gold_gain":0,"player_choice":"Fight","damage_taken":0,"max_hp_gain":0,"max_hp_loss":0,"event_name":"Mysterious Sphere","floor":37,"gold_loss":0},{"damage_healed":0,"gold_gain":0,"player_choice":"Fight","damage_taken":0,"max_hp_gain":0,"max_hp_loss":0,"event_name":"MindBloom","floor":44,"gold_loss":0}],"is_beta":false,"boss_relics":[{"not_picked":["Black Star","Runic Cube"],"picked":"Snecko Eye"},{"not_picked":["Calling Bell","Sozu"],"picked":"Cursed Key"}],"items_purged_floors":[14,20,39],"is_endless":false,"potions_floor_spawned":[1,3,10,12,13,18,25,28,29,35,44,45],"killed_by":"Awakened One","ascension_level":20}