{"gold_per_floor":[367,383,264,264,196,229,244,259,259,278,299,224,224,224,224,224],"floor_reached":16,"playtime":315,"items_purged":["Strike_R"],"score":204,"play_id":"5558b15d-6f3f-4bf6-ae16-466d599a190e","local_time":"20240531222927","is_ascension_mode":true,"campfire_choices":[{"floor":13.0,"key":"REST"},{"data":"Bash","floor":15.0,"key":"SMITH"}],"neow_cost":"TEN_PERCENT_HP_LOSS","seed_source_timestamp":3404770459700,"circlet_count":0,"master_deck":["AscendersBane","Strike_R","Strike_R","Defend_R","Defend_R","Defend_R","Defend_R","Bash+1","Cleave","Blood for Blood","Carnage","Hemokinesis"],"special_seed":0,"relics":["Burning Blood","Golden Idol","Kunai","The Courier","Paper Frog"],"potions_floor_usage":[16,16],"damage_taken":[{"damage":14.0,"enemies":"Small Slimes","floor":1.0,"turns":5.0},{"damage":2.0,"enemies":"2 Louse","floor":2.0,"turns":3.0},{"damage":35.0,"enemies":"3 Sentries","floor":6.0,"turns":8.0},{"damage":2.0,"enemies":"Cultist","floor":7.0,"turns":2.0},{"damage":12.0,"enemies":"Looter","floor":8.0,"turns":3.0},{"damage":3.0,"enemies":"2 Fungi Beasts","floor":10.0,"turns":4.0},{"damage":10.0,"enemies":"Blue Slaver","floor":11.0,"turns":2.0},{"damage":26,"enemies":"Slime Boss","floor":16,"turns":8}],"seed_played":"122449134660637073","potions_obtained":[{"floor":2.0,"key":"DuplicationPotion"},{"floor":6.0,"key":"SteroidPotion"},{"floor":10.0,"key":"SkillPotion"},{"floor":11.0,"key":"Block Potion"}],"is_trial":false,"path_per_floor":["M","M","$","?","?","E","M","M","T","M","M","?","R","?","R","B"],"character_chosen":"IRONCLAD","basemod:card_modifiers":[null,null,null,null,null,null,null,null,null,null,null,null],"items_purchased":["Carnage"],"campfire_rested":1,"item_purchase_floors":[3],"current_hp_per_floor":[60,64,64,41,41,12,16,10,10,13,9,9,29,29,29,3],"gold":224,"neow_bonus":"TWO_FIFTY_GOLD","is_prod":false,"is_daily":false,"chose_seed":false,"campfire_upgraded":1,"win_rate":0,"timestamp":1717162167,"path_taken":["M","M","$","?","?","E","M","M","T","M","?","?","R","?","R","BOSS"],"build_version":"2022-12-18","purchased_purges":1,"victory":false,"max_hp_per_floor":[68,68,68,68,68,68,68,68,68,68,68,68,68,68,68,68],"relic_stats":{"counters":[8,35],"Golden Idol":21,"The Courier":0,"Kunai":[1],"obtain_stats":[{"Golden Idol":4,"The Courier":6,"Kunai":5,"Burning Blood":0,"Paper Frog":9},{"Golden Idol":2,"The Courier":3,"Kunai":2,"Burning Blood":0,"Paper Frog":5},{"Golden Idol":8,"The Courier":16,"Kunai":8,"Burning Blood":0,"Paper Frog":21}],"Burning Blood":42},"card_choices":[{"not_picked":["Twin Strike","True Grit"],"picked":"Cleave","floor":1.0},{"not_picked":["Evolve","Clash"],"picked":"Blood for Blood","floor":2.0},{"not_picked":["Heavy Blade","Blood for Blood"],"picked":"Hemokinesis","floor":6.0},{"not_picked":["Thunderclap","Spot Weakness","Pommel Strike"],"picked":"SKIP","floor":7.0},{"not_picked":["Evolve","Blood for Blood","Heavy Blade"],"picked":"SKIP","floor":8.0},{"not_picked":["Intimidate","Sever Soul","Hemokinesis"],"picked":"SKIP","floor":10.0},{"not_picked":["Sword Boomerang","Heavy Blade","Wild Strike"],"picked":"SKIP","floor":11.0}],"player_experience":722277,"relics_obtained":[{"floor":6.0,"key":"The Courier"},{"floor":9.0,"key":"Paper Frog"}],"event_choices":[{"damage_healed":0.0,"max_hp_gain":0.0,"max_hp_loss":0.0,"gold_gain":0.0,"event_name":"Golden Idol","player_choice":"Take Damage","floor":4.0,"gold_loss":0.0,"damage_taken":23.0,"relics_obtained":["Golden Idol"]},{"damage_healed":0.0,"max_hp_gain":0.0,"max_hp_loss":0.0,"gold_gain":0.0,"event_name":"WeMeetAgain","player_choice":"Paid Gold","floor":5.0,"gold_loss":68.0,"damage_taken":0.0,"relics_obtained":["Kunai"]},{"cards_removed":["Strike_R"],"damage_healed":0.0,"max_hp_gain":0.0,"max_hp_loss":0.0,"gold_gain":0.0,"event_name":"The Cleric","player_choice":"Card Removal","floor":12.0,"gold_loss":75.0,"damage_taken":0.0},{"cards_removed":["Strike_R"],"damage_healed":0.0,"max_hp_gain":0.0,"max_hp_loss":0.0,"gold_gain":0.0,"event_name":"Living Wall","player_choice":"Forget","floor":14.0,"gold_loss":0.0,"damage_taken":0.0}],"is_beta":false,"boss_relics":[],"items_purged_floors":[3],"is_endless":false,"potions_floor_spawned":[2,6,10,11],"killed_by":"Slime Boss","ascension_level":20}