{"gold_per_floor":[113,31,41,59,78,78,89,89,89,123,48,67,67,98,98,176,176,192,34,49,61,61,93,107,107,107,134,147,158,158,188,188,188],"floor_reached":33,"playtime":1197,"items_purged":["Defend_P"],"score":745,"play_id":"6b6f6bbe-f5d6-4f2d-9509-2e10a77d021d","local_time":"20240611223342","is_ascension_mode":true,"campfire_choices":[{"data":"Eruption","floor":6.0,"key":"SMITH"},{"data":"EmptyFist","floor":8.0,"key":"SMITH"},{"data":"FlurryOfBlows","floor":15.0,"key":"SMITH"},{"floor":25.0,"key":"REST"},{"floor":30.0,"key":"REST"},{"data":"EmptyMind","floor":32.0,"key":"SMITH"}],"neow_cost":"NONE","seed_source_timestamp":0,"circlet_count":0,"master_deck":["AscendersBane","Strike_P","Strike_P","Strike_P","Strike_P","Defend_P","Defend_P","Defend_P","Eruption+1","Vigilance","EmptyFist+1","FollowUp","CutThroughFate","FlurryOfBlows+1","WheelKick","Tantrum","ThirdEye","Brilliance","EmptyMind+1"],"special_seed":0,"relics":["PureWater","NeowsBlessing","Omamori","Singing Bowl","StrikeDummy","CaptainsWheel","VioletLotus","Membership Card","MealTicket","Toy Ornithopter","Yang","Strawberry","StoneCalendar"],"potions_floor_usage":[],"damage_taken":[{"damage":0.0,"enemies":"Jaw Worm","floor":1.0,"turns":1.0},{"damage":0.0,"enemies":"Cultist","floor":3.0,"turns":1.0},{"damage":0.0,"enemies":"Small Slimes","floor":4.0,"turns":1.0},{"damage":0.0,"enemies":"Looter","floor":5.0,"turns":2.0},{"damage":16.0,"enemies":"Exordium Thugs","floor":7.0,"turns":4.0},{"damage":8.0,"enemies":"Gremlin Nob","floor":10.0,"turns":3.0},{"damage":1.0,"enemies":"2 Fungi Beasts","floor":12.0,"turns":2.0},{"damage":2.0,"enemies":"Lagavulin","floor":14.0,"turns":4.0},{"damage":0.0,"enemies":"Slime Boss","floor":16.0,"turns":4.0},{"damage":2.0,"enemies":"Chosen","floor":18.0,"turns":4.0},{"damage":1.0,"enemies":"2 Thieves","floor":20.0,"turns":2.0},{"damage":18.0,"enemies":"Snake Plant","floor":21.0,"turns":4.0},{"damage":15.0,"enemies":"Book of Stabbing","floor":23.0,"turns":3.0},{"damage":0.0,"enemies":"Chosen and Byrds","floor":24.0,"turns":2.0},{"damage":16.0,"enemies":"Slavers","floor":27.0,"turns":4.0},{"damage":15.0,"enemies":"Centurion and Healer","floor":28.0,"turns":3.0},{"damage":0.0,"enemies":"Cultist and Chosen","floor":29.0,"turns":5.0},{"damage":16.0,"enemies":"Book of Stabbing","floor":31.0,"turns":4.0},{"damage":128,"enemies":"Collector","floor":33,"turns":8}],"seed_played":"-319658848652356171","potions_obtained":[{"floor":1.0,"key":"Swift Potion"},{"floor":4.0,"key":"Ancient Potion"},{"floor":5.0,"key":"Explosive Potion"},{"floor":16.0,"key":"Fire Potion"},{"floor":20.0,"key":"LiquidMemories"},{"floor":28.0,"key":"LiquidBronze"},{"floor":29.0,"key":"Fire Potion"},{"floor":31.0,"key":"FairyPotion"}],"is_trial":false,"path_per_floor":["M","?","M","M","M","R","M","R","T","E","$","M","T","E","R","B",null,"M","$","M","M","T","E","M","R","T","E","M","M","R","E","R","B"],"character_chosen":"WATCHER","basemod:card_modifiers":[null,null,null,null,null,null,null,null,null,null,null,null,null,null,null,null,null,null,null],"items_purchased":["Membership Card"],"campfire_rested":2,"item_purchase_floors":[19],"current_hp_per_floor":[61,61,61,61,61,61,45,45,45,39,39,40,40,40,40,42,68,68,68,67,49,49,36,38,62,62,55,40,40,67,56,56,0],"gold":188,"neow_bonus":"THREE_ENEMY_KILL","is_prod":false,"is_daily":false,"chose_seed":false,"campfire_upgraded":4,"win_rate":0,"timestamp":1718112822,"path_taken":["M","?","M","M","?","R","M","R","T","E","$","M","?","E","R","BOSS","M","?","M","M","?","E","M","R","T","E","M","M","R","E","R","BOSS"],"build_version":"2022-12-18","purchased_purges":1,"victory":false,"max_hp_per_floor":[68,68,68,68,68,68,68,68,68,70,70,72,72,74,74,76,76,78,78,78,78,78,80,82,82,82,91,91,91,91,91,91,91],"relic_stats":{"Singing Bowl":16,"counters":[19,61],"MealTicket":0,"Yang":[82],"StoneCalendar":[137],"VioletLotus":[9],"Omamori":0,"Membership Card":0,"PureWater":[10],"obtain_stats":[{"NeowsBlessing":0,"Singing Bowl":10,"Yang":26,"StoneCalendar":31,"Omamori":2,"CaptainsWheel":14,"Strawberry":27,"MealTicket":22,"VioletLotus":17,"Membership Card":19,"PureWater":0,"StrikeDummy":13,"Toy Ornithopter":23},{"NeowsBlessing":0,"Singing Bowl":6,"Yang":14,"StoneCalendar":18,"Omamori":1,"CaptainsWheel":8,"Strawberry":15,"MealTicket":12,"VioletLotus":9,"Membership Card":10,"PureWater":0,"StrikeDummy":7,"Toy Ornithopter":13},{"NeowsBlessing":0,"Singing Bowl":12,"Yang":37,"StoneCalendar":53,"Omamori":1,"CaptainsWheel":18,"Strawberry":41,"MealTicket":32,"VioletLotus":22,"Membership Card":26,"PureWater":0,"StrikeDummy":14,"Toy Ornithopter":35}],"Toy Ornithopter":5},"card_choices":[{"not_picked":["Evaluate","FollowUp"],"picked":"EmptyFist","floor":1.0},{"not_picked":["Evaluate","Alpha"],"picked":"FollowUp","floor":3.0},{"not_picked":["PathToVictory","SignatureMove"],"picked":"CutThroughFate","floor":4.0},{"not_picked":["Fasting2","FollowUp","Crescendo"],"picked":"SKIP","floor":5.0},{"not_picked":["WreathOfFlame","Worship"],"picked":"FlurryOfBlows","floor":7.0},{"not_picked":["CrushJoints","CarveReality","CutThroughFate"],"picked":"Singing Bowl","floor":10.0},{"not_picked":["Protect","Fasting2","CarveReality"],"picked":"Singing Bowl","floor":12.0},{"not_picked":["PathToVictory","EmptyFist","Fasting2"],"picked":"Singing Bowl","floor":14.0},{"not_picked":["Ragnarok","MasterReality","DevaForm"],"picked":"Singing Bowl","floor":16.0},{"not_picked":["Crescendo","WheelKick","FollowUp"],"picked":"Singing Bowl","floor":18.0},{"not_picked":["Worship","FollowUp"],"picked":"WheelKick","floor":20.0},{"not_picked":["ThirdEye","SashWhip"],"picked":"Tantrum","floor":21.0},{"not_picked":["Protect","SpiritShield","Nirvana"],"picked":"Singing Bowl","floor":23.0},{"not_picked":["Worship","Evaluate","FollowUp"],"picked":"Singing Bowl","floor":24.0},{"not_picked":["Consecrate","Crescendo","Pray"],"picked":"Singing Bowl","floor":27.0},{"not_picked":["CutThroughFate","Tantrum+1"],"picked":"ThirdEye","floor":28.0},{"not_picked":["ReachHeaven","CutThroughFate"],"picked":"Brilliance","floor":29.0},{"not_picked":["FlurryOfBlows","JustLucky"],"picked":"EmptyMind","floor":31.0}],"player_experience":739932,"relics_obtained":[{"floor":10.0,"key":"Singing Bowl"},{"floor":13.0,"key":"StrikeDummy"},{"floor":14.0,"key":"CaptainsWheel"},{"floor":22.0,"key":"MealTicket"},{"floor":23.0,"key":"Toy Ornithopter"},{"floor":26.0,"key":"Yang"},{"floor":27.0,"key":"Strawberry"},{"floor":31.0,"key":"StoneCalendar"}],"event_choices":[{"damage_healed":0.0,"max_hp_gain":0.0,"max_hp_loss":0.0,"gold_gain":0.0,"event_name":"WeMeetAgain","player_choice":"Paid Gold","floor":2.0,"gold_loss":82.0,"damage_taken":0.0,"relics_obtained":["Omamori"]}],"is_beta":false,"boss_relics":[{"not_picked":["HolyWater","Coffee Dripper"],"picked":"VioletLotus"}],"items_purged_floors":[11],"is_endless":false,"potions_floor_spawned":[1,4,5,12,16,20,28,29,31],"killed_by":"Collector","ascension_level":19}