{"gold_per_floor":[117,133,133,133,43,43],"floor_reached":6,"playtime":156,"items_purged":[],"score":68,"play_id":"54f4c10e-2503-41b1-8765-c25764580503","local_time":"20240630185849","is_ascension_mode":true,"campfire_choices":[],"neow_cost":"CURSE","seed_source_timestamp":19321130943500,"circlet_count":0,"master_deck":["AscendersBane","Strike_G","Strike_G","Strike_G","Strike_G","Strike_G","Defend_G","Defend_G","Defend_G","Defend_G+1","Defend_G","Survivor","Neutralize+1","Pain","Dagger Throw","Concentrate","Calculated Gamble","Reflex"],"relics":["Ring of the Snake","Prayer Wheel"],"potions_floor_usage":[6],"damage_taken":[{"damage":7,"enemies":"2 Louse","floor":1,"turns":3},{"damage":14,"enemies":"Small Slimes","floor":2,"turns":6},{"damage":57,"enemies":"3 Sentries","floor":6,"turns":10}],"seed_played":"5852181879895736359","potions_obtained":[{"floor":2,"key":"Regen Potion"}],"is_trial":false,"path_per_floor":["M","M","?","?","$","E"],"character_chosen":"THE_SILENT","basemod:card_modifiers":[null,null,null,null,null,null,null,null,null,null,null,null,null,null,null,null,null,null],"items_purchased":["Reflex"],"campfire_rested":0,"item_purchase_floors":[5],"current_hp_per_floor":[52,38,60,40,40,0],"gold":43,"neow_bonus":"ONE_RARE_RELIC","is_prod":false,"is_daily":false,"chose_seed":false,"campfire_upgraded":0,"win_rate":0,"timestamp":1719741529,"path_taken":["M","M","?","?","$","E"],"build_version":"2022-12-18","purchased_purges":0,"victory":false,"max_hp_per_floor":[66,66,66,66,66,66],"relic_stats":{"counters":[3,19],"Prayer Wheel":2,"obtain_stats":[{"Prayer Wheel":0,"Ring of the Snake":0},{"Prayer Wheel":0,"Ring of the Snake":0},{"Prayer Wheel":0,"Ring of the Snake":0}],"Ring of the Snake":[6]},"card_choices":[{"not_picked":["Bane","Masterful Stab"],"picked":"Dagger Throw","floor":1},{"not_picked":["Dagger Throw","Acrobatics"],"picked":"Concentrate","floor":1},{"not_picked":["Slice","Sucker Punch"],"picked":"Calculated Gamble","floor":2},{"not_picked":["Prepared","Dodge and Roll","Deadly Poison"],"picked":"SKIP","floor":2}],"player_experience":744966,"relics_obtained":[],"event_choices":[{"damage_healed":22,"gold_gain":0,"player_choice":"Banana","damage_taken":0,"max_hp_gain":0,"max_hp_loss":0,"event_name":"Big Fish","floor":3,"gold_loss":0},{"damage_healed":0,"gold_gain":0,"player_choice":"Entered Light","damage_taken":20,"max_hp_gain":0,"max_hp_loss":0,"event_name":"Shining Light","floor":4,"gold_loss":0,"cards_upgraded":["Neutralize","Defend_G"]}],"is_beta":false,"boss_relics":[],"items_purged_floors":[],"is_endless":false,"potions_floor_spawned":[2],"killed_by":"3 Sentries","ascension_level":20}