{"gold_per_floor":[118,118,43,56,74,99,119,119,119,119,139,172,97,97,97,97],"floor_reached":16,"playtime":528,"items_purged":["Defend_G"],"score":220,"play_id":"20101ebc-04fe-445d-88dd-dd4aa5a03387","local_time":"20240630191727","is_ascension_mode":true,"campfire_choices":[{"floor":8.0,"key":"REST"},{"floor":10.0,"key":"REST"},{"floor":15.0,"key":"REST"}],"neow_cost":"TEN_PERCENT_HP_LOSS","seed_source_timestamp":20008528068900,"circlet_count":0,"master_deck":["AscendersBane","Strike_G","Strike_G","Strike_G+1","Defend_G","Defend_G","Defend_G+1","Survivor","Neutralize","Setup","Dodge and Roll","Skewer","Poisoned Stab","All Out Attack","Calculated Gamble","Backflip","Footwork","Venomology"],"special_seed":0,"relics":["Ring of the Snake","Blue Candle","Torii","The Specimen"],"potions_floor_usage":[16,16],"damage_taken":[{"damage":0.0,"enemies":"Small Slimes","floor":1.0,"turns":6.0},{"damage":4.0,"enemies":"2 Louse","floor":4.0,"turns":3.0},{"damage":12.0,"enemies":"Jaw Worm","floor":5.0,"turns":4.0},{"damage":21.0,"enemies":"Lagavulin","floor":6.0,"turns":6.0},{"damage":1.0,"enemies":"Looter","floor":7.0,"turns":4.0},{"damage":0.0,"enemies":"Red Slaver","floor":11.0,"turns":7.0},{"damage":26.0,"enemies":"Gremlin Nob","floor":12.0,"turns":4.0},{"damage":30,"enemies":"The Guardian","floor":16,"turns":20}],"seed_played":"-3591258341929431974","potions_obtained":[{"floor":4.0,"key":"Strength Potion"},{"floor":6.0,"key":"Dexterity Potion"},{"floor":12.0,"key":"SmokeBomb"}],"is_trial":false,"path_per_floor":["M","?","$","M","M","E","M","R","T","R","M","E","?","?","R","B"],"character_chosen":"THE_SILENT","basemod:card_modifiers":[null,null,null,null,null,null,null,null,null,null,null,null,null,null,null,null,null,null],"items_purchased":[],"campfire_rested":3,"item_purchase_floors":[],"current_hp_per_floor":[59,41,41,37,25,4,3,21,21,39,39,13,13,13,31,1],"gold":97,"neow_bonus":"TRANSFORM_TWO_CARDS","is_prod":false,"is_daily":false,"chose_seed":false,"campfire_upgraded":0,"win_rate":0,"timestamp":1719742647,"path_taken":["M","?","$","M","M","E","M","R","T","R","M","E","?","?","R","BOSS"],"build_version":"2022-12-18","purchased_purges":1,"victory":false,"max_hp_per_floor":[60,60,60,60,60,60,60,60,60,60,60,60,60,60,60,60],"relic_stats":{"Torii":5,"The Specimen":[0],"counters":[8,54],"Blue Candle":[0],"obtain_stats":[{"Torii":9,"The Specimen":12,"Blue Candle":6,"Ring of the Snake":0},{"Torii":5,"The Specimen":7,"Blue Candle":4,"Ring of the Snake":0},{"Torii":23,"The Specimen":34,"Blue Candle":19,"Ring of the Snake":0}],"Ring of the Snake":[16]},"card_choices":[{"not_picked":["Sucker Punch","Dodge and Roll"],"picked":"Skewer","floor":1.0},{"not_picked":["Deadly Poison","Heel Hook"],"picked":"Poisoned Stab","floor":4.0},{"not_picked":["Acrobatics","Flechettes"],"picked":"All Out Attack","floor":5.0},{"not_picked":["Accuracy","Outmaneuver"],"picked":"Calculated Gamble","floor":6.0},{"not_picked":["Deflect","Slice"],"picked":"Backflip","floor":7.0},{"not_picked":["Blade Dance","Blur"],"picked":"Footwork","floor":11.0},{"not_picked":["Dagger Spray","Backstab"],"picked":"Venomology","floor":12.0}],"player_experience":745572,"relics_obtained":[{"floor":6.0,"key":"Blue Candle"},{"floor":9.0,"key":"Torii"},{"floor":12.0,"key":"The Specimen"}],"event_choices":[{"damage_healed":0.0,"max_hp_gain":0.0,"max_hp_loss":0.0,"gold_gain":0.0,"event_name":"Shining Light","player_choice":"Entered Light","floor":2.0,"gold_loss":0.0,"damage_taken":18.0,"cards_upgraded":["Strike_G","Defend_G"]},{"cards_removed":["Strike_G"],"damage_healed":0.0,"max_hp_gain":0.0,"max_hp_loss":0.0,"gold_gain":0.0,"event_name":"The Cleric","player_choice":"Card Removal","floor":13.0,"gold_loss":75.0,"damage_taken":0.0},{"damage_healed":0.0,"max_hp_gain":0.0,"max_hp_loss":0.0,"gold_gain":0.0,"event_name":"Liars Game","player_choice":"Ignored","floor":14.0,"gold_loss":0.0,"damage_taken":0.0}],"is_beta":false,"boss_relics":[],"items_purged_floors":[3],"is_endless":false,"potions_floor_spawned":[4,6,12],"killed_by":"The Guardian","ascension_level":20}