{"gold_per_floor":[114,126,136,148,162,162,162,182,182,197,37,48,48,48,48,125,125,136,147,197,96,116,116,147,147,170,85,85,85],"floor_reached":29,"playtime":757,"items_purged":["Strike_R"],"score":524,"play_id":"205925ba-3926-4093-95ec-e881c176b615","local_time":"20240704143552","is_ascension_mode":true,"campfire_choices":[{"data":"Barricade","floor":6.0,"key":"SMITH"},{"data":"Entrench","floor":13.0,"key":"SMITH"},{"data":"Body Slam","floor":15.0,"key":"SMITH"},{"floor":23.0,"key":"REST"},{"data":"Entrench","floor":25.0,"key":"SMITH"}],"neow_cost":"TEN_PERCENT_HP_LOSS","seed_source_timestamp":4421647809500,"circlet_count":0,"master_deck":["AscendersBane","Strike_R","Strike_R","Defend_R","Defend_R","Defend_R","Defend_R","Bash","Flame Barrier","Barricade+1","Entrench+1","Anger","Bloodletting","Armaments","Spot Weakness","Entrench+1","Pommel Strike","Body Slam+1","Fiend Fire","Shrug It Off+1","Shrug It Off"],"special_seed":0,"relics":["Burning Blood","Mummified Hand","Orrery","Runic Dome","Blood Vial","Toy Ornithopter","Singing Bowl"],"potions_floor_usage":[29],"damage_taken":[{"damage":6.0,"enemies":"Small Slimes","floor":1.0,"turns":7.0},{"damage":23.0,"enemies":"Cultist","floor":2.0,"turns":5.0},{"damage":12.0,"enemies":"Jaw Worm","floor":3.0,"turns":5.0},{"damage":11.0,"enemies":"Looter","floor":4.0,"turns":4.0},{"damage":9.0,"enemies":"3 Louse","floor":5.0,"turns":5.0},{"damage":20.0,"enemies":"Large Slime","floor":8.0,"turns":11.0},{"damage":35.0,"enemies":"Exordium Thugs","floor":10.0,"turns":5.0},{"damage":9.0,"enemies":"Looter","floor":12.0,"turns":5.0},{"damage":6.0,"enemies":"Hexaghost","floor":16.0,"turns":9.0},{"damage":19.0,"enemies":"Chosen","floor":18.0,"turns":8.0},{"damage":14.0,"enemies":"Spheric Guardian","floor":19.0,"turns":6.0},{"damage":14.0,"enemies":"Centurion and Healer","floor":22.0,"turns":12.0},{"damage":5.0,"enemies":"Gremlin Leader","floor":24.0,"turns":7.0},{"damage":0,"enemies":"Colosseum Slavers","floor":28,"turns":6},{"damage":61,"enemies":"Slavers","floor":29,"turns":5}],"seed_played":"818194701096309764","potions_obtained":[{"floor":3.0,"key":"CultistPotion"},{"floor":4.0,"key":"Fire Potion"},{"floor":10.0,"key":"Swift Potion"},{"floor":19.0,"key":"BloodPotion"},{"floor":22.0,"key":"BlessingOfTheForge"}],"is_trial":false,"path_per_floor":["M","M","M","M","M","R","?","M","T","M","$","M","R","$","R","B",null,"M","M","?","$","M","R","E","R","T","?","?","E"],"character_chosen":"IRONCLAD","basemod:card_modifiers":[null,null,null,null,null,null,null,null,null,null,null,null,null,null,null,null,null,null,null,null,null],"items_purchased":["Orrery","Shrug It Off"],"campfire_rested":1,"item_purchase_floors":[11,21],"current_hp_per_floor":[68,51,45,40,37,37,59,45,45,16,16,13,13,13,13,13,54,41,33,33,33,25,45,46,46,46,46,54,13],"gold":85,"neow_bonus":"TRANSFORM_TWO_CARDS","is_prod":false,"is_daily":false,"chose_seed":false,"campfire_upgraded":4,"win_rate":0,"timestamp":1720071352,"path_taken":["M","M","M","M","M","R","?","M","T","M","$","M","R","$","R","BOSS","M","M","?","$","?","R","E","R","T","?","?","E"],"build_version":"2022-12-18","purchased_purges":1,"victory":false,"max_hp_per_floor":[68,68,68,68,68,68,68,68,68,68,68,68,68,68,68,68,68,68,68,68,68,68,68,68,68,68,68,68,68],"relic_stats":{"Blood Vial":4,"Singing Bowl":0,"counters":[15,100],"Mummified Hand":[9],"obtain_stats":[{"Blood Vial":24,"Runic Dome":17,"Singing Bowl":27,"Mummified Hand":9,"Orrery":11,"Burning Blood":0,"Toy Ornithopter":26},{"Blood Vial":13,"Runic Dome":9,"Singing Bowl":13,"Mummified Hand":6,"Orrery":7,"Burning Blood":0,"Toy Ornithopter":13},{"Blood Vial":89,"Runic Dome":56,"Singing Bowl":89,"Mummified Hand":37,"Orrery":42,"Burning Blood":0,"Toy Ornithopter":89}],"Burning Blood":84,"Toy Ornithopter":5},"card_choices":[{"not_picked":["Clash","Pummel"],"picked":"Entrench","floor":1.0},{"not_picked":["Flex","Shrug It Off","Havoc"],"picked":"SKIP","floor":2.0},{"not_picked":["Shrug It Off","Heavy Blade"],"picked":"Anger","floor":3.0},{"not_picked":["Perfected Strike","Sword Boomerang","Dropkick"],"picked":"SKIP","floor":4.0},{"not_picked":["Clothesline","Flex"],"picked":"Bloodletting","floor":5.0},{"not_picked":["Corruption","Flex"],"picked":"Armaments","floor":8.0},{"not_picked":["Warcry","Clash"],"picked":"Spot Weakness","floor":10.0},{"not_picked":["Clash","Sword Boomerang"],"picked":"Entrench","floor":11.0},{"not_picked":["Pummel","Blood for Blood"],"picked":"Pommel Strike","floor":11.0},{"not_picked":["Whirlwind","Pommel Strike"],"picked":"Body Slam","floor":12.0},{"not_picked":["Barricade","Double Tap"],"picked":"Fiend Fire","floor":16.0},{"not_picked":["Body Slam","Pummel"],"picked":"Shrug It Off+1","floor":18.0},{"not_picked":["Dropkick","Clash","Whirlwind"],"picked":"SKIP","floor":19.0},{"not_picked":["Blood for Blood","Clash","Flex"],"picked":"SKIP","floor":22.0},{"not_picked":["Metallicize","Pommel Strike+1","Power Through"],"picked":"SKIP","floor":24.0}],"player_experience":760197,"relics_obtained":[{"floor":9.0,"key":"Mummified Hand"},{"floor":24.0,"key":"Blood Vial"},{"floor":26.0,"key":"Toy Ornithopter"}],"event_choices":[{"damage_healed":22.0,"max_hp_gain":0.0,"max_hp_loss":0.0,"gold_gain":0.0,"event_name":"Big Fish","player_choice":"Banana","floor":7.0,"gold_loss":0.0,"damage_taken":0.0},{"damage_healed":0.0,"max_hp_gain":0.0,"max_hp_loss":0.0,"gold_gain":100.0,"event_name":"The Joust","player_choice":"Bet on Murderer","floor":20.0,"gold_loss":50.0,"damage_taken":0.0},{"damage_healed":0.0,"max_hp_gain":0.0,"max_hp_loss":0.0,"gold_gain":0.0,"event_name":"Addict","player_choice":"Obtained Relic","floor":27.0,"gold_loss":85.0,"damage_taken":0.0,"relics_obtained":["Singing Bowl"]},{"damage_healed":0,"gold_gain":0,"player_choice":"Fight","damage_taken":0,"max_hp_gain":0,"max_hp_loss":0,"event_name":"Colosseum","floor":28,"gold_loss":0},{"damage_healed":0,"gold_gain":0,"player_choice":"Fled From Nobs","damage_taken":0,"max_hp_gain":0,"max_hp_loss":0,"event_name":"Colosseum","floor":28,"gold_loss":0}],"is_beta":false,"boss_relics":[{"not_picked":["Fusion Hammer","Coffee Dripper"],"picked":"Runic Dome"}],"items_purged_floors":[21],"is_endless":false,"potions_floor_spawned":[3,4,10,19,22,28],"killed_by":"Slavers","ascension_level":20}