{"gold_per_floor":[115,115,135,135,210,238,238,267,267,267,298,298,223,236,236,313,313,333,333,333,333,202,228,239,239,239,256,289,289,318,336,336,411,411,427,480,492,242,242,242,276,296,296,329,356,390,409,434,446,458,470,482,494,83,111,111],"floor_reached":57,"playtime":1612,"items_purged":["Writhe","Strike_R","Defend_R"],"score":2959,"play_id":"6ce90245-7bb3-4de1-a205-88da89294e81","local_time":"20240704171418","is_ascension_mode":true,"campfire_choices":[{"data":"Whirlwind","floor":7.0,"key":"SMITH"},{"data":"Shockwave","floor":10.0,"key":"SMITH"},{"data":"Spot Weakness","floor":15.0,"key":"SMITH"},{"data":"Heavy Blade","floor":25.0,"key":"SMITH"},{"data":"Sword Boomerang","floor":32,"key":"SMITH"},{"data":"Demon Form","floor":40,"key":"SMITH"},{"floor":49,"key":"RECALL"},{"data":"Sword Boomerang","floor":53,"key":"SMITH"}],"neow_cost":"NONE","seed_source_timestamp":13293509125200,"circlet_count":0,"master_deck":["AscendersBane","Defend_R","Defend_R","Defend_R","Bash","Whirlwind+1","Heavy Blade+1","Shockwave+1","Spot Weakness+1","Ghostly Armor","Reaper","Shrug It Off","Sword Boomerang+1","Reaper","Disarm+1","Flame Barrier+1","Warcry+1","Reaper","Demon Form+1","Sword Boomerang+1","Shockwave+1","Dark Embrace","True Grit+1","Shrug It Off+1","Limit Break+1"],"special_seed":0,"relics":["Burning Blood","NeowsBlessing","Meat on the Bone","Strawberry","Red Skull","Matryoshka","Snecko Eye","Self Forming Clay","Dream Catcher","Bronze Scales","Shuriken","Toxic Egg 2","InkBottle","Tiny Chest","StrikeDummy","SlaversCollar","Unceasing Top","Centennial Puzzle","Letter Opener","Regal Pillow","Nunchaku","MawBank","Frozen Eye","Mango"],"potions_floor_usage":[36,46,56,56],"damage_taken":[{"damage":0.0,"enemies":"Jaw Worm","floor":1.0,"turns":1.0},{"damage":0.0,"enemies":"2 Louse","floor":3.0,"turns":1.0},{"damage":0.0,"enemies":"Gremlin Nob","floor":6.0,"turns":1.0},{"damage":43.0,"enemies":"Lagavulin","floor":8.0,"turns":8.0},{"damage":17.0,"enemies":"Gremlin Nob","floor":11.0,"turns":4.0},{"damage":0.0,"enemies":"Small Slimes","floor":14.0,"turns":2.0},{"damage":34.0,"enemies":"The Guardian","floor":16.0,"turns":13.0},{"damage":20.0,"enemies":"Shell Parasite","floor":18.0,"turns":6.0},{"damage":4.0,"enemies":"Book of Stabbing","floor":23.0,"turns":4.0},{"damage":0.0,"enemies":"3 Byrds","floor":24.0,"turns":3.0},{"damage":9.0,"enemies":"Snake Plant","floor":27.0,"turns":4.0},{"damage":27.0,"enemies":"Gremlin Leader","floor":28.0,"turns":7.0},{"damage":30,"enemies":"Slavers","floor":30,"turns":5},{"damage":10,"enemies":"Centurion and Healer","floor":31,"turns":4},{"damage":80,"enemies":"Collector","floor":33,"turns":11},{"damage":46,"enemies":"3 Darklings","floor":35,"turns":6},{"damage":61,"enemies":"2 Orb Walkers","floor":36,"turns":5},{"damage":0,"enemies":"Orb Walker","floor":37,"turns":2},{"damage":27,"enemies":"Nemesis","floor":41,"turns":5},{"damage":33,"enemies":"Spire Growth","floor":42,"turns":5},{"damage":33,"enemies":"Giant Head","floor":44,"turns":6},{"damage":34,"enemies":"Reptomancer","floor":46,"turns":4},{"damage":27,"enemies":"Sphere and 2 Shapes","floor":47,"turns":5},{"damage":15,"enemies":"Nemesis","floor":48,"turns":5},{"damage":60,"enemies":"Donu and Deca","floor":50,"turns":6},{"damage":51,"enemies":"Awakened One","floor":51,"turns":8},{"damage":125,"enemies":"Shield and Spear","floor":55,"turns":9},{"damage":110,"enemies":"The Heart","floor":56,"turns":8}],"seed_played":"5969932851051772720","potions_obtained":[{"floor":1.0,"key":"EssenceOfSteel"},{"floor":6.0,"key":"Block Potion"},{"floor":14.0,"key":"Strength Potion"},{"floor":18.0,"key":"DuplicationPotion"},{"floor":27.0,"key":"ColorlessPotion"},{"floor":30,"key":"BloodPotion"},{"floor":33,"key":"AttackPotion"},{"floor":36,"key":"GamblersBrew"},{"floor":42,"key":"FairyPotion"},{"floor":55,"key":"Swift Potion"}],"is_trial":false,"path_per_floor":["M","?","M","?","?","E","R","E","T","R","E","?","?","M","R","B",null,"M","?","T","?","$","E","M","R","T","M","E","?","E","M","R","B",null,"M","?","M","$","?","R","E","M","T","E","T","E","M","E","R","B","B",null,"R","$","E","B",null],"character_chosen":"IRONCLAD","basemod:card_modifiers":[null,null,null,null,null,null,null,null,null,null,null,null,null,null,null,null,null,null,null,null,null,null,null,null,null],"items_purchased":["Sword Boomerang","Demon Form","Shrug It Off+1","Frozen Eye","DuplicationPotion"],"campfire_rested":0,"item_purchase_floors":[22,38,54,54,54],"current_hp_per_floor":[74,79,80,80,69,75,75,57,57,57,58,58,58,64,64,48,77,74,74,74,74,74,76,86,86,86,83,73,73,67,87,87,55,79,81,74,87,87,87,87,87,87,87,87,87,87,80,87,87,87,87,87,87,87,85,59],"gold":111,"neow_bonus":"THREE_ENEMY_KILL","is_prod":false,"is_daily":false,"chose_seed":false,"campfire_upgraded":7,"win_rate":0,"timestamp":1720080858,"path_taken":["M","?","M","?","?","E","R","E","T","R","E","?","?","?","R","BOSS","M","?","?","?","$","E","M","R","T","M","E","?","E","M","R","BOSS","M","?","M","$","?","R","E","M","T","E","?","E","M","E","R","BOSS","BOSS","R","$","E","BOSS"],"build_version":"2022-12-18","purchased_purges":3,"victory":true,"max_hp_per_floor":[75,80,80,80,80,80,80,87,87,87,87,87,87,87,87,87,87,87,87,87,87,87,87,87,87,87,87,87,87,87,87,87,87,87,87,87,87,87,87,87,87,87,87,87,87,87,87,87,87,87,87,87,87,87,101,101],"relic_stats":{"Regal Pillow":0,"counters":[28,148],"Self Forming Clay":[303],"Letter Opener":[121],"MawBank":72,"Burning Blood":122,"Frozen Eye":0.9997088,"Dream Catcher":0,"Centennial Puzzle":[27],"Nunchaku":[3],"Matryoshka":2,"Shuriken":[10],"Bronze Scales":[472],"Snecko Eye":[229,206,210,208,-105],"Tiny Chest":1,"obtain_stats":[{"Regal Pillow":45,"NeowsBlessing":0,"Self Forming Clay":20,"Mango":55,"Letter Opener":44,"MawBank":48,"Burning Blood":0,"SlaversCollar":34,"Frozen Eye":54,"Dream Catcher":20,"Centennial Puzzle":41,"Nunchaku":46,"Matryoshka":11,"Shuriken":23,"Strawberry":8,"Bronze Scales":21,"Snecko Eye":17,"Tiny Chest":28,"Toxic Egg 2":26,"StrikeDummy":30,"Red Skull":9,"InkBottle":26,"Unceasing Top":36,"Meat on the Bone":6},{"Regal Pillow":21,"NeowsBlessing":0,"Self Forming Clay":8,"Mango":27,"Letter Opener":21,"MawBank":24,"Burning Blood":0,"SlaversCollar":15,"Frozen Eye":26,"Dream Catcher":8,"Centennial Puzzle":19,"Nunchaku":22,"Matryoshka":5,"Shuriken":9,"Strawberry":4,"Bronze Scales":8,"Snecko Eye":7,"Tiny Chest":12,"Toxic Egg 2":10,"StrikeDummy":13,"Red Skull":4,"InkBottle":10,"Unceasing Top":17,"Meat on the Bone":3},{"Regal Pillow":103,"NeowsBlessing":0,"Self Forming Clay":36,"Mango":140,"Letter Opener":103,"MawBank":117,"Burning Blood":0,"SlaversCollar":74,"Frozen Eye":131,"Dream Catcher":36,"Centennial Puzzle":92,"Nunchaku":107,"Matryoshka":15,"Shuriken":40,"Strawberry":11,"Bronze Scales":36,"Snecko Eye":30,"Tiny Chest":54,"Toxic Egg 2":43,"StrikeDummy":59,"Red Skull":11,"InkBottle":43,"Unceasing Top":85,"Meat on the Bone":3}],"InkBottle":[33],"Unceasing Top":[0],"Meat on the Bone":36},"card_choices":[{"not_picked":["Power Through","Clothesline"],"picked":"Whirlwind","floor":1.0},{"not_picked":["Rupture","Clash"],"picked":"Heavy Blade","floor":3.0},{"not_picked":["Clash","Burning Pact","Wild Strike"],"picked":"SKIP","floor":6.0},{"not_picked":["Double Tap","Pommel Strike"],"picked":"Shockwave","floor":8.0},{"not_picked":["Body Slam","Reckless Charge"],"picked":"Spot Weakness","floor":11.0},{"not_picked":["Metallicize","Flex"],"picked":"Ghostly Armor","floor":14.0},{"not_picked":["Limit Break","Demon Form"],"picked":"Reaper","floor":16.0},{"not_picked":["True Grit","Armaments"],"picked":"Shrug It Off","floor":18.0},{"not_picked":["Sword Boomerang","Sever Soul"],"picked":"Reaper","floor":23.0},{"not_picked":["Power Through+1","Wild Strike+1","Twin Strike+1"],"picked":"SKIP","floor":24.0},{"not_picked":["Pommel Strike","Metallicize"],"picked":"Disarm+1","floor":27.0},{"not_picked":["Iron Wave","Shrug It Off+1","Metallicize"],"picked":"SKIP","floor":28.0},{"not_picked":["Spot Weakness+1","Clothesline"],"picked":"Flame Barrier+1","floor":30},{"not_picked":["Thunderclap","Intimidate+1"],"picked":"Warcry+1","floor":31},{"not_picked":["Demon Form","Immolate"],"picked":"Reaper","floor":33},{"not_picked":["Wild Strike","Heavy Blade+1","Thunderclap+1"],"picked":"SKIP","floor":35},{"not_picked":["Warcry+1","Armaments+1","Sword Boomerang+1"],"picked":"SKIP","floor":37},{"not_picked":["Clash+1","Double Tap+1"],"picked":"Shockwave+1","floor":41},{"not_picked":["Disarm+1","Armaments+1"],"picked":"Dark Embrace","floor":42},{"not_picked":["Power Through+1","Shrug It Off+1"],"picked":"True Grit+1","floor":44},{"not_picked":["Twin Strike","Juggernaut","Carnage"],"picked":"SKIP","floor":46},{"not_picked":["Cleave","Carnage+1","Heavy Blade+1"],"picked":"SKIP","floor":47},{"not_picked":["Twin Strike","Wild Strike","Headbutt"],"picked":"SKIP","floor":48},{"not_picked":["Pommel Strike","Carnage"],"picked":"Limit Break+1","floor":55}],"player_experience":763883,"relics_obtained":[{"floor":6.0,"key":"Meat on the Bone"},{"floor":8.0,"key":"Strawberry"},{"floor":9.0,"key":"Red Skull"},{"floor":11.0,"key":"Matryoshka"},{"floor":20.0,"key":"Self Forming Clay"},{"floor":20.0,"key":"Dream Catcher"},{"floor":23.0,"key":"Shuriken"},{"floor":26.0,"key":"Toxic Egg 2"},{"floor":26.0,"key":"InkBottle"},{"floor":28.0,"key":"Tiny Chest"},{"floor":30,"key":"StrikeDummy"},{"floor":36,"key":"Unceasing Top"},{"floor":41,"key":"Centennial Puzzle"},{"floor":44,"key":"Letter Opener"},{"floor":45,"key":"Regal Pillow"},{"floor":46,"key":"Nunchaku"},{"floor":48,"key":"MawBank"},{"floor":55,"key":"Mango"}],"event_choices":[{"damage_healed":0.0,"max_hp_gain":5.0,"max_hp_loss":0.0,"gold_gain":0.0,"event_name":"Big Fish","player_choice":"Donut","floor":2.0,"gold_loss":0.0,"damage_taken":0.0},{"damage_healed":0.0,"max_hp_gain":0.0,"max_hp_loss":0.0,"gold_gain":0.0,"event_name":"Liars Game","player_choice":"Ignored","floor":4.0,"gold_loss":0.0,"damage_taken":0.0},{"damage_healed":0.0,"max_hp_gain":0.0,"max_hp_loss":0.0,"gold_gain":75.0,"event_name":"World of Goop","player_choice":"Gather Gold","floor":5.0,"gold_loss":0.0,"damage_taken":11.0},{"cards_removed":["Strike_R"],"damage_healed":0.0,"max_hp_gain":0.0,"max_hp_loss":0.0,"gold_gain":0.0,"event_name":"Living Wall","player_choice":"Forget","floor":12.0,"gold_loss":0.0,"damage_taken":0.0},{"cards_removed":["Strike_R"],"damage_healed":0.0,"max_hp_gain":0.0,"max_hp_loss":0.0,"gold_gain":0.0,"event_name":"The Cleric","player_choice":"Card Removal","floor":13.0,"gold_loss":75.0,"damage_taken":0.0},{"damage_healed":0.0,"max_hp_gain":0.0,"max_hp_loss":0.0,"gold_gain":0.0,"event_name":"Vampires","player_choice":"Ignored","floor":19.0,"gold_loss":0.0,"damage_taken":0.0},{"damage_healed":0.0,"max_hp_gain":0.0,"max_hp_loss":0.0,"gold_gain":0.0,"event_name":"The Mausoleum","player_choice":"Opened","floor":21.0,"gold_loss":0.0,"damage_taken":0.0,"relics_obtained":["Bronze Scales"],"cards_obtained":["Writhe"]},{"cards_removed":["Strike_R"],"damage_healed":0.0,"max_hp_gain":0.0,"max_hp_loss":0.0,"gold_gain":0.0,"event_name":"Back to Basics","player_choice":"Elegance","floor":29.0,"gold_loss":0.0,"damage_taken":0.0},{"damage_healed":0,"gold_gain":0,"player_choice":"Fight","damage_taken":0,"max_hp_gain":0,"max_hp_loss":0,"event_name":"Mysterious Sphere","floor":36,"gold_loss":0},{"damage_healed":0,"gold_gain":0,"cards_transformed":["Strike_R"],"player_choice":"Transformed","damage_taken":0,"max_hp_gain":0,"max_hp_loss":0,"event_name":"Transmorgrifier","floor":39,"gold_loss":0,"cards_obtained":["Sword Boomerang"]}],"is_beta":false,"boss_relics":[{"not_picked":["Sozu","Calling Bell"],"picked":"Snecko Eye"},{"not_picked":["Black Star","Runic Cube"],"picked":"SlaversCollar"}],"items_purged_floors":[22,38,54],"is_endless":false,"potions_floor_spawned":[1,6,14,18,27,30,33,36,37,42,44,55],"ascension_level":20}