{"gold_per_floor":[111,111,111,128,138,138,172,172,172,201,70,98,170,220,220,220],"floor_reached":16,"playtime":247,"items_purged":["Strike_R"],"score":236,"play_id":"5d972600-0ab2-4fb4-ac1a-78728aac3f5e","local_time":"20240704164644","is_ascension_mode":true,"campfire_choices":[{"data":"Body Slam","floor":6.0,"key":"SMITH"},{"data":"Cleave","floor":8.0,"key":"SMITH"},{"data":"Inflame","floor":15.0,"key":"SMITH"}],"neow_cost":"NONE","seed_source_timestamp":12995866292600,"circlet_count":0,"master_deck":["AscendersBane","Strike_R","Strike_R","Strike_R","Defend_R","Defend_R","Defend_R","Defend_R","Bash","Cleave+1","Body Slam+1","Headbutt","Anger","Inflame+1"],"special_seed":0,"relics":["Burning Blood","NeowsBlessing","Charon\u0027s Ashes","HornCleat","Bag of Marbles","Regal Pillow","Sundial"],"potions_floor_usage":[16],"damage_taken":[{"damage":0.0,"enemies":"Jaw Worm","floor":1.0,"turns":1.0},{"damage":0.0,"enemies":"Small Slimes","floor":4.0,"turns":1.0},{"damage":0.0,"enemies":"Cultist","floor":5.0,"turns":1.0},{"damage":8.0,"enemies":"Gremlin Nob","floor":7.0,"turns":3.0},{"damage":25.0,"enemies":"3 Sentries","floor":10.0,"turns":8.0},{"damage":10.0,"enemies":"Lagavulin","floor":12.0,"turns":5.0},{"damage":6.0,"enemies":"Lots of Slimes","floor":14.0,"turns":3.0},{"damage":58,"enemies":"Hexaghost","floor":16,"turns":9}],"seed_played":"-5289652573883783688","potions_obtained":[{"floor":1.0,"key":"LiquidMemories"},{"floor":4.0,"key":"CultistPotion"},{"floor":7.0,"key":"ColorlessPotion"}],"is_trial":false,"path_per_floor":["M","?","?","M","M","R","E","R","T","E","$","E","T","M","R","B"],"character_chosen":"IRONCLAD","basemod:card_modifiers":[null,null,null,null,null,null,null,null,null,null,null,null,null,null],"items_purchased":["Strength Potion"],"campfire_rested":0,"item_purchase_floors":[11],"current_hp_per_floor":[74,79,72,78,80,80,78,78,78,59,59,55,55,55,55,0],"gold":220,"neow_bonus":"THREE_ENEMY_KILL","is_prod":false,"is_daily":false,"chose_seed":false,"campfire_upgraded":3,"win_rate":0,"timestamp":1720079204,"path_taken":["M","?","?","M","M","R","E","R","T","E","$","E","?","M","R","BOSS"],"build_version":"2022-12-18","purchased_purges":1,"victory":false,"max_hp_per_floor":[75,80,80,80,80,80,80,80,80,80,80,80,80,80,80,80],"relic_stats":{"Regal Pillow":0,"counters":[8,31],"Sundial":[2],"Charon\u0027s Ashes":[66],"obtain_stats":[{"Regal Pillow":12,"HornCleat":9,"NeowsBlessing":0,"Sundial":13,"Charon\u0027s Ashes":7,"Bag of Marbles":10,"Burning Blood":0},{"Regal Pillow":6,"HornCleat":4,"NeowsBlessing":0,"Sundial":6,"Charon\u0027s Ashes":4,"Bag of Marbles":5,"Burning Blood":0},{"Regal Pillow":19,"HornCleat":6,"NeowsBlessing":0,"Sundial":19,"Charon\u0027s Ashes":6,"Bag of Marbles":14,"Burning Blood":0}],"Burning Blood":38},"card_choices":[{"not_picked":["Havoc","Feel No Pain"],"picked":"Cleave","floor":1.0},{"not_picked":["Rage","Bloodletting","Iron Wave"],"picked":"SKIP","floor":4.0},{"not_picked":["Clothesline","Metallicize"],"picked":"Body Slam","floor":5.0},{"not_picked":["Heavy Blade","Iron Wave"],"picked":"Headbutt","floor":7.0},{"not_picked":["Heavy Blade","Body Slam","Juggernaut"],"picked":"SKIP","floor":10.0},{"not_picked":["Flex","Limit Break"],"picked":"Anger","floor":12.0},{"not_picked":["Wild Strike","Twin Strike"],"picked":"Inflame","floor":14.0}],"player_experience":763636,"relics_obtained":[{"floor":7.0,"key":"Charon\u0027s Ashes"},{"floor":9.0,"key":"HornCleat"},{"floor":10.0,"key":"Bag of Marbles"},{"floor":12.0,"key":"Regal Pillow"},{"floor":13.0,"key":"Sundial"}],"event_choices":[{"damage_healed":0.0,"max_hp_gain":5.0,"max_hp_loss":0.0,"gold_gain":0.0,"event_name":"Big Fish","player_choice":"Donut","floor":2.0,"gold_loss":0.0,"damage_taken":0.0},{"cards_removed":["Strike_R"],"damage_healed":0.0,"max_hp_gain":0.0,"max_hp_loss":0.0,"gold_gain":0.0,"event_name":"Golden Wing","player_choice":"Card Removal","floor":3.0,"gold_loss":0.0,"damage_taken":7.0}],"is_beta":false,"boss_relics":[],"items_purged_floors":[11],"is_endless":false,"potions_floor_spawned":[1,4,7],"killed_by":"Hexaghost","ascension_level":20}