{"gold_per_floor":[111,186,186,111,111,140,65,92,164,177,193,212,212,244,244,319,319,339,349,367,381,399,427,427,427,427,427,441,227,259,276,276,349,349,363,363,263,281,301,301,331,347,347,361,394,394,157,177,177,177,177],"floor_reached":51,"playtime":2773,"items_purged":["Strike_R","Strike_R","Strike_R+1","Defend_R"],"score":1613,"play_id":"ab67e7de-fbbb-4807-a4fb-86cb4816e013","local_time":"20240704141853","is_ascension_mode":true,"campfire_choices":[{"data":"Body Slam","floor":13.0,"key":"SMITH"},{"data":"Immolate","floor":15.0,"key":"SMITH"},{"data":"Double Tap","floor":25.0,"key":"SMITH"},{"data":"Fiend Fire","floor":27.0,"key":"SMITH"},{"data":"Bash","floor":32.0,"key":"SMITH"},{"floor":40.0,"key":"RECALL"},{"data":"Feel No Pain","floor":46.0,"key":"SMITH"},{"data":"Dark Embrace","floor":49.0,"key":"SMITH"}],"neow_cost":"NONE","seed_source_timestamp":465086679900,"circlet_count":0,"master_deck":["AscendersBane","Defend_R","Defend_R+1","Defend_R","Bash+1","Shrug It Off","Carnage","Immolate+1","Body Slam+1","Fiend Fire+1","Impervious","CurseOfTheBell","Dropkick+1","Disarm","Double Tap+1","Fiend Fire+1","Power Through","Seeing Red+1","Offering","Feel No Pain+1","True Grit+1","Dark Embrace+1"],"special_seed":0,"relics":["Burning Blood","NeowsBlessing","Unceasing Top","Toy Ornithopter","Singing Bowl","InkBottle","Calling Bell","Pen Nib","Molten Egg 2","Pocketwatch","The Courier","Eternal Feather","Mummified Hand","Coffee Dripper","Potion Belt","Anchor"],"potions_floor_usage":[50,50,51],"damage_taken":[{"damage":0.0,"enemies":"2 Louse","floor":1.0,"turns":2.0},{"damage":0.0,"enemies":"3 Sentries","floor":6.0,"turns":2.0},{"damage":0.0,"enemies":"Lagavulin","floor":8.0,"turns":1.0},{"damage":7.0,"enemies":"Small Slimes","floor":10.0,"turns":3.0},{"damage":4.0,"enemies":"Jaw Worm","floor":11.0,"turns":3.0},{"damage":0.0,"enemies":"2 Fungi Beasts","floor":12.0,"turns":2.0},{"damage":18.0,"enemies":"3 Sentries","floor":14.0,"turns":6.0},{"damage":30.0,"enemies":"Slime Boss","floor":16.0,"turns":6.0},{"damage":0.0,"enemies":"Chosen","floor":18.0,"turns":4.0},{"damage":3.0,"enemies":"Shell Parasite","floor":19.0,"turns":4.0},{"damage":6.0,"enemies":"Cultist and Chosen","floor":20.0,"turns":5.0},{"damage":13.0,"enemies":"Centurion and Healer","floor":21.0,"turns":4.0},{"damage":0.0,"enemies":"Snake Plant","floor":22.0,"turns":3.0},{"damage":42.0,"enemies":"Book of Stabbing","floor":23.0,"turns":6.0},{"damage":23.0,"enemies":"Sentry and Sphere","floor":28.0,"turns":6.0},{"damage":19.0,"enemies":"Slavers","floor":30.0,"turns":4.0},{"damage":0.0,"enemies":"Centurion and Healer","floor":31.0,"turns":3.0},{"damage":29.0,"enemies":"Automaton","floor":33.0,"turns":8.0},{"damage":20.0,"enemies":"Orb Walker","floor":35.0,"turns":3.0},{"damage":26.0,"enemies":"3 Darklings","floor":38.0,"turns":4.0},{"damage":0.0,"enemies":"Sphere and 2 Shapes","floor":39.0,"turns":5.0},{"damage":11.0,"enemies":"Nemesis","floor":41.0,"turns":5.0},{"damage":6.0,"enemies":"Spire Growth","floor":42.0,"turns":2.0},{"damage":27.0,"enemies":"Maw","floor":44.0,"turns":8.0},{"damage":8.0,"enemies":"Giant Head","floor":45.0,"turns":4.0},{"damage":6.0,"enemies":"Jaw Worm Horde","floor":48.0,"turns":3.0},{"damage":21,"enemies":"Awakened One","floor":50,"turns":10},{"damage":52,"enemies":"Time Eater","floor":51,"turns":10}],"seed_played":"8818262012789082836","potions_obtained":[{"floor":1.0,"key":"DistilledChaos"},{"floor":8.0,"key":"Regen Potion"},{"floor":12.0,"key":"LiquidMemories"},{"floor":20.0,"key":"Block Potion"},{"floor":31.0,"key":"Explosive Potion"},{"floor":33.0,"key":"Dexterity Potion"},{"floor":36.0,"key":"DuplicationPotion"},{"floor":41.0,"key":"LiquidMemories"},{"floor":42.0,"key":"FearPotion"},{"floor":44.0,"key":"BlessingOfTheForge"}],"is_trial":false,"path_per_floor":["M","?","?","$","?","E","?","E","T","M","M","M","R","E","R","B",null,"M","M","M","M","M","E","?","R","T","R","M","$","E","M","R","B",null,"M","?","$","M","M","R","E","M","T","M","E","R","$","M","R","B","B"],"character_chosen":"IRONCLAD","basemod:card_modifiers":[null,null,null,null,null,null,null,null,null,null,null,null,null,null,null,null,null,null,null,null,null,null],"items_purchased":["Power Through","DuplicationPotion","Dark Embrace","PowerPotion"],"campfire_rested":0,"item_purchase_floors":[29,29,47,47],"current_hp_per_floor":[74,63,63,63,40,46,46,52,52,53,55,68,68,56,56,32,67,75,78,80,73,81,54,54,54,54,63,48,48,40,48,60,37,76,62,62,62,44,52,64,61,68,68,52,52,64,64,66,78,73,26],"gold":177,"neow_bonus":"THREE_ENEMY_KILL","is_prod":false,"is_daily":false,"chose_seed":false,"campfire_upgraded":7,"win_rate":0,"timestamp":1720070333,"path_taken":["M","?","?","?","?","E","?","E","T","M","M","?","R","E","R","BOSS","M","M","M","M","M","E","?","R","T","R","M","$","E","M","R","BOSS","M","?","?","M","M","R","E","M","T","M","E","R","$","M","R","BOSS","BOSS"],"build_version":"2022-12-18","purchased_purges":4,"victory":false,"max_hp_per_floor":[75,75,75,75,75,75,75,75,75,77,77,79,79,79,79,79,79,81,81,83,83,85,85,85,85,85,85,87,87,87,89,89,89,89,89,89,89,91,93,93,95,97,97,97,99,99,99,101,101,101,101],"relic_stats":{"Singing Bowl":26,"counters":[28,126],"Mummified Hand":[14],"Eternal Feather":57,"Pen Nib":[20],"The Courier":137,"obtain_stats":[{"Potion Belt":41,"NeowsBlessing":0,"Singing Bowl":9,"Eternal Feather":26,"Pen Nib":17,"The Courier":23,"Burning Blood":0,"Calling Bell":17,"Anchor":45,"Mummified Hand":30,"Molten Egg 2":17,"Coffee Dripper":34,"Unceasing Top":6,"Toy Ornithopter":8,"InkBottle":14,"Pocketwatch":17},{"Potion Belt":22,"NeowsBlessing":0,"Singing Bowl":3,"Eternal Feather":14,"Pen Nib":8,"The Courier":14,"Burning Blood":0,"Calling Bell":8,"Anchor":25,"Mummified Hand":16,"Molten Egg 2":8,"Coffee Dripper":18,"Unceasing Top":2,"Toy Ornithopter":3,"InkBottle":7,"Pocketwatch":8},{"Potion Belt":89,"NeowsBlessing":0,"Singing Bowl":5,"Eternal Feather":51,"Pen Nib":25,"The Courier":51,"Burning Blood":0,"Calling Bell":25,"Anchor":103,"Mummified Hand":61,"Molten Egg 2":25,"Coffee Dripper":72,"Unceasing Top":4,"Toy Ornithopter":5,"InkBottle":19,"Pocketwatch":25}],"Burning Blood":162,"Unceasing Top":[13],"Toy Ornithopter":44,"InkBottle":[30],"Pocketwatch":[189]},"card_choices":[{"not_picked":["Metallicize","Heavy Blade"],"picked":"Shrug It Off","floor":1.0},{"not_picked":["Pommel Strike","Bloodletting"],"picked":"Carnage","floor":6.0},{"not_picked":["Fire Breathing","Anger"],"picked":"Immolate","floor":8.0},{"not_picked":["Shrug It Off","Flex","Havoc"],"picked":"Singing Bowl","floor":10.0},{"not_picked":["Entrench","Perfected Strike"],"picked":"Body Slam","floor":11.0},{"not_picked":["Pommel Strike","Headbutt","Carnage"],"picked":"Singing Bowl","floor":12.0},{"not_picked":["Warcry","Havoc"],"picked":"Fiend Fire","floor":14.0},{"not_picked":["Juggernaut","Immolate"],"picked":"Impervious","floor":16.0},{"not_picked":["Sword Boomerang+1","Shrug It Off","Wild Strike+1"],"picked":"Singing Bowl","floor":18.0},{"not_picked":["Whirlwind+1","Seeing Red+1"],"picked":"Dropkick+1","floor":19.0},{"not_picked":["Whirlwind+1","Headbutt+1","Reckless Charge+1"],"picked":"Singing Bowl","floor":20.0},{"not_picked":["Spot Weakness","Metallicize"],"picked":"Disarm","floor":21.0},{"not_picked":["Headbutt+1","Entrench","Perfected Strike+1"],"picked":"Singing Bowl","floor":22.0},{"not_picked":["Sentinel","Second Wind"],"picked":"Double Tap","floor":23.0},{"not_picked":["Havoc","Shrug It Off","Clothesline+1"],"picked":"Singing Bowl","floor":28.0},{"not_picked":["Anger+1","Berserk"],"picked":"Seeing Red+1","floor":30.0},{"not_picked":["Pommel Strike+1","Blood for Blood+1","Anger+1"],"picked":"Singing Bowl","floor":31.0},{"not_picked":["Fiend Fire+1","Double Tap"],"picked":"Offering","floor":33.0},{"not_picked":["Thunderclap+1","Havoc+1"],"picked":"Feel No Pain","floor":35.0},{"not_picked":["Anger+1","True Grit","Disarm+1"],"picked":"Singing Bowl","floor":38.0},{"not_picked":["Sword Boomerang+1","Berserk","Shrug It Off"],"picked":"Singing Bowl","floor":39.0},{"not_picked":["Sever Soul+1","Feel No Pain","Headbutt+1"],"picked":"Singing Bowl","floor":41.0},{"not_picked":["Wild Strike+1","Warcry","Clash+1"],"picked":"Singing Bowl","floor":42.0},{"not_picked":["Wild Strike+1","Armaments"],"picked":"True Grit+1","floor":44.0},{"not_picked":["Wild Strike+1","Battle Trance","Blood for Blood+1"],"picked":"Singing Bowl","floor":45.0},{"not_picked":["Battle Trance","Carnage+1","Wild Strike+1"],"picked":"Singing Bowl","floor":48.0}],"player_experience":757424,"relics_obtained":[{"floor":6.0,"key":"Unceasing Top"},{"floor":8.0,"key":"Toy Ornithopter"},{"floor":9.0,"key":"Singing Bowl"},{"floor":14.0,"key":"InkBottle"},{"floor":17.0,"key":"Pen Nib"},{"floor":17.0,"key":"Molten Egg 2"},{"floor":17.0,"key":"Pocketwatch"},{"floor":23.0,"key":"The Courier"},{"floor":26.0,"key":"Eternal Feather"},{"floor":30.0,"key":"Mummified Hand"},{"floor":41.0,"key":"Potion Belt"},{"floor":45.0,"key":"Anchor"}],"event_choices":[{"damage_healed":0.0,"max_hp_gain":0.0,"max_hp_loss":0.0,"gold_gain":75.0,"event_name":"World of Goop","player_choice":"Gather Gold","floor":2.0,"gold_loss":0.0,"damage_taken":11.0},{"cards_removed":["Strike_R"],"damage_healed":0.0,"max_hp_gain":0.0,"max_hp_loss":0.0,"gold_gain":0.0,"event_name":"Living Wall","player_choice":"Forget","floor":3.0,"gold_loss":0.0,"damage_taken":0.0},{"damage_healed":0.0,"max_hp_gain":0.0,"max_hp_loss":0.0,"gold_gain":0.0,"event_name":"Shining Light","player_choice":"Entered Light","floor":5.0,"gold_loss":0.0,"damage_taken":23.0,"cards_upgraded":["Strike_R","Defend_R"]},{"cards_removed":["Strike_R"],"damage_healed":0.0,"max_hp_gain":0.0,"max_hp_loss":0.0,"gold_gain":0.0,"event_name":"The Cleric","player_choice":"Card Removal","floor":7.0,"gold_loss":75.0,"damage_taken":0.0},{"damage_healed":0.0,"max_hp_gain":0.0,"max_hp_loss":0.0,"gold_gain":0.0,"event_name":"Duplicator","player_choice":"Copied","floor":24.0,"gold_loss":0.0,"damage_taken":0.0,"cards_obtained":["Fiend Fire"]},{"damage_healed":0.0,"max_hp_gain":0.0,"max_hp_loss":0.0,"gold_gain":0.0,"event_name":"Lab","player_choice":"Got Potions","floor":36.0,"gold_loss":0.0,"damage_taken":0.0}],"is_beta":false,"boss_relics":[{"not_picked":["Black Blood","Runic Cube"],"picked":"Calling Bell"},{"not_picked":["Cursed Key","SlaversCollar"],"picked":"Coffee Dripper"}],"items_purged_floors":[4,29,37,47],"is_endless":false,"potions_floor_spawned":[1,8,12,16,20,22,31,33,35,41,42,44],"killed_by":"Time Eater","ascension_level":20}