{"gold_per_floor":[119,139,159,175,12,12,12,42,67,27,72,106,56,56,56,130,130,147,161,161,161,161,161,196,196],"floor_reached":25,"playtime":490,"items_purged":["Strike_G","Strike_G"],"score":454,"play_id":"d3860198-1c25-418c-9fb0-3cbe9f3727d2","local_time":"20240807010930","is_ascension_mode":true,"campfire_choices":[{"data":"Catalyst","floor":6.0,"key":"SMITH"},{"floor":15.0,"key":"REST"},{"floor":23.0,"key":"REST"}],"neow_cost":"NONE","seed_source_timestamp":45017467127800,"circlet_count":0,"master_deck":["AscendersBane","Strike_G","Defend_G+1","Defend_G","Defend_G+1","Defend_G","Defend_G","Survivor","Neutralize","Deadly Poison","Blade Dance","Noxious Fumes","Catalyst+1","Well Laid Plans","Poisoned Stab","Bouncing Flask","Acrobatics+1","Ghostly","Ghostly","Ghostly"],"special_seed":0,"relics":["Ring of the Snake","NeowsBlessing","Boot","Smiling Mask","War Paint","Regal Pillow","Blue Candle","Runic Pyramid","Question Card"],"potions_floor_usage":[],"damage_taken":[{"damage":0.0,"enemies":"Jaw Worm","floor":1.0,"turns":1.0},{"damage":0.0,"enemies":"Cultist","floor":2.0,"turns":1.0},{"damage":0.0,"enemies":"Small Slimes","floor":3.0,"turns":1.0},{"damage":5.0,"enemies":"3 Louse","floor":4.0,"turns":5.0},{"damage":19.0,"enemies":"3 Sentries","floor":8.0,"turns":8.0},{"damage":11.0,"enemies":"Gremlin Nob","floor":12.0,"turns":3.0},{"damage":28.0,"enemies":"The Guardian","floor":16.0,"turns":7.0},{"damage":26.0,"enemies":"2 Thieves","floor":18.0,"turns":5.0},{"damage":12.0,"enemies":"3 Byrds","floor":19.0,"turns":6.0},{"damage":32,"enemies":"Slavers","floor":24,"turns":6},{"damage":22,"enemies":"Centurion and Healer","floor":25,"turns":4}],"seed_played":"-7728586025019496952","potions_obtained":[{"floor":1.0,"key":"CultistPotion"},{"floor":2.0,"key":"SteroidPotion"},{"floor":24,"key":"AttackPotion"}],"is_trial":false,"path_per_floor":["M","M","M","M","$","R","?","E","T","$","T","E","$","?","R","B",null,"M","M","?","?","?","R","E","M"],"character_chosen":"THE_SILENT","basemod:card_modifiers":[null,null,null,null,null,null,null,null,null,null,null,null,null,null,null,null,null,null,null,null],"items_purchased":["Well Laid Plans","Bouncing Flask"],"campfire_rested":2,"item_purchase_floors":[5,10],"current_hp_per_floor":[59,59,59,54,54,54,54,35,35,35,35,24,24,17,51,23,55,29,17,17,17,17,33,1,0],"gold":196,"neow_bonus":"THREE_ENEMY_KILL","is_prod":false,"is_daily":false,"chose_seed":false,"campfire_upgraded":1,"win_rate":0,"timestamp":1722960570,"path_taken":["M","M","M","M","$","R","?","E","T","?","?","E","?","?","R","BOSS","M","M","?","?","?","R","E","M"],"build_version":"2022-12-18","purchased_purges":2,"victory":false,"max_hp_per_floor":[66,66,66,66,66,66,66,66,66,66,66,66,66,66,66,66,66,66,66,66,33,33,33,33,33],"relic_stats":{"Regal Pillow":22,"counters":[11,47],"Blue Candle":[0],"War Paint":["Defend_G","Defend_G"],"Boot":[71],"Smiling Mask":50,"Question Card":0,"obtain_stats":[{"Regal Pillow":11,"NeowsBlessing":0,"Blue Candle":12,"War Paint":9,"Boot":7,"Smiling Mask":8,"Question Card":24,"Ring of the Snake":0,"Runic Pyramid":17},{"Regal Pillow":5,"NeowsBlessing":0,"Blue Candle":6,"War Paint":5,"Boot":4,"Smiling Mask":5,"Question Card":10,"Ring of the Snake":0,"Runic Pyramid":7},{"Regal Pillow":16,"NeowsBlessing":0,"Blue Candle":19,"War Paint":16,"Boot":8,"Smiling Mask":16,"Question Card":43,"Ring of the Snake":0,"Runic Pyramid":26}],"Ring of the Snake":[22]},"card_choices":[{"not_picked":["Quick Slash","Backflip"],"picked":"Deadly Poison","floor":1.0},{"not_picked":["Crippling Poison","Footwork"],"picked":"Blade Dance","floor":2.0},{"not_picked":["Deflect","Leg Sweep"],"picked":"Noxious Fumes","floor":3.0},{"not_picked":["Setup","Doppelganger"],"picked":"Catalyst","floor":4.0},{"not_picked":["Predator","Backstab"],"picked":"Poisoned Stab","floor":8.0},{"not_picked":["Flechettes","Phantasmal Killer","Backflip"],"picked":"SKIP","floor":12.0},{"not_picked":["Bane","Blade Dance"],"picked":"Acrobatics+1","floor":18.0},{"not_picked":["Underhanded Strike","Slice","Cloak And Dagger"],"picked":"SKIP","floor":19.0},{"not_picked":["Masterful Stab","Backflip","Dodge and Roll"],"picked":"SKIP","floor":24}],"player_experience":779722,"relics_obtained":[{"floor":8.0,"key":"Smiling Mask"},{"floor":9.0,"key":"War Paint"},{"floor":11.0,"key":"Regal Pillow"},{"floor":12.0,"key":"Blue Candle"},{"floor":24,"key":"Question Card"}],"event_choices":[{"damage_healed":0.0,"max_hp_gain":0.0,"max_hp_loss":0.0,"gold_gain":0.0,"event_name":"WeMeetAgain","player_choice":"Gave Potion","floor":7.0,"gold_loss":0.0,"damage_taken":0.0,"relics_obtained":["Boot"]},{"cards_removed":["Strike_G"],"damage_healed":0.0,"max_hp_gain":0.0,"max_hp_loss":0.0,"gold_gain":0.0,"event_name":"Golden Wing","player_choice":"Card Removal","floor":14.0,"gold_loss":0.0,"damage_taken":7.0},{"cards_removed":["Strike_G"],"damage_healed":0.0,"max_hp_gain":0.0,"max_hp_loss":0.0,"gold_gain":0.0,"event_name":"Back to Basics","player_choice":"Elegance","floor":20.0,"gold_loss":0.0,"damage_taken":0.0},{"damage_healed":0.0,"max_hp_gain":0.0,"max_hp_loss":33.0,"gold_gain":0.0,"event_name":"Ghosts","player_choice":"Became a Ghost","floor":21.0,"gold_loss":0.0,"damage_taken":0.0,"cards_obtained":["Ghostly","Ghostly","Ghostly"]},{"damage_healed":0.0,"max_hp_gain":0.0,"max_hp_loss":0.0,"gold_gain":0.0,"event_name":"Cursed Tome","player_choice":"Ignored","floor":22.0,"gold_loss":0.0,"damage_taken":0.0}],"is_beta":false,"boss_relics":[{"not_picked":["SacredBark","Pandora\u0027s Box"],"picked":"Runic Pyramid"}],"items_purged_floors":[5,13],"is_endless":false,"potions_floor_spawned":[1,2,3,24],"killed_by":"Centurion and Healer","ascension_level":20}