{"gold_per_floor":[217,232,249,260,276,276,287,318,318,349,360,360,370,398,398,471,471,483,193,210,227,243,243,269,285,285,317,335,354,354,389,389,467,467,483,483,493,508,521,546,546,598,677,690,722,736,771,771,771,771,771],"floor_reached":51,"playtime":1792,"items_purged":["Strike_G"],"score":1729,"play_id":"d4412e45-6ef3-4221-9cee-87b36eac96bb","local_time":"20240806234607","is_ascension_mode":true,"campfire_choices":[{"data":"Deadly Poison","floor":6.0,"key":"SMITH"},{"floor":12.0,"key":"REST"},{"data":"Blade Dance","floor":15.0,"key":"SMITH"},{"data":"Leg Sweep","floor":23.0,"key":"SMITH"},{"floor":30.0,"key":"REST"},{"data":"Reflex","floor":32.0,"key":"SMITH"},{"data":"Calculated Gamble","floor":41.0,"key":"SMITH"},{"floor":49,"key":"RECALL"}],"neow_cost":"NONE","seed_source_timestamp":38645255801200,"circlet_count":0,"master_deck":["AscendersBane","Strike_G","Strike_G","Strike_G","Strike_G","Defend_G","Defend_G","Defend_G","Defend_G","Survivor","Neutralize","Backstab","Reflex+1","Blade Dance+1","Deadly Poison+1","Leg Sweep+1","Blade Dance","Escape Plan","Backstab","After Image","Blade Dance+1","Acrobatics","Acrobatics","Escape Plan","Reflex","Calculated Gamble+1","Backflip","Acrobatics+1","Adrenaline"],"special_seed":0,"relics":["Ring of the Snake","Vajra","Potion Belt","InkBottle","Pen Nib","WristBlade","Membership Card","Kunai","Omamori","MealTicket","Shuriken","HoveringKite","Blue Candle","Tingsha","Smiling Mask"],"potions_floor_usage":[50],"damage_taken":[{"damage":6.0,"enemies":"Cultist","floor":1.0,"turns":5.0},{"damage":6.0,"enemies":"Jaw Worm","floor":2.0,"turns":6.0},{"damage":0.0,"enemies":"Small Slimes","floor":3.0,"turns":5.0},{"damage":0.0,"enemies":"3 Louse","floor":4.0,"turns":2.0},{"damage":1.0,"enemies":"Large Slime","floor":5.0,"turns":7.0},{"damage":1.0,"enemies":"Looter","floor":7.0,"turns":3.0},{"damage":3.0,"enemies":"Gremlin Nob","floor":8.0,"turns":3.0},{"damage":12.0,"enemies":"3 Sentries","floor":10.0,"turns":9.0},{"damage":0.0,"enemies":"2 Fungi Beasts","floor":11.0,"turns":2.0},{"damage":3.0,"enemies":"Exordium Thugs","floor":13.0,"turns":4.0},{"damage":19.0,"enemies":"Gremlin Nob","floor":14.0,"turns":4.0},{"damage":13.0,"enemies":"Hexaghost","floor":16.0,"turns":8.0},{"damage":0.0,"enemies":"3 Byrds","floor":18.0,"turns":5.0},{"damage":0.0,"enemies":"Chosen","floor":20.0,"turns":2.0},{"damage":12.0,"enemies":"Snake Plant","floor":21.0,"turns":4.0},{"damage":0.0,"enemies":"Shelled Parasite and Fungi","floor":22.0,"turns":2.0},{"damage":7.0,"enemies":"Book of Stabbing","floor":24.0,"turns":5.0},{"damage":0.0,"enemies":"Snecko","floor":25.0,"turns":3.0},{"damage":1.0,"enemies":"Gremlin Leader","floor":27.0,"turns":4.0},{"damage":7.0,"enemies":"Centurion and Healer","floor":28.0,"turns":4.0},{"damage":0.0,"enemies":"Cultist and Chosen","floor":29.0,"turns":4.0},{"damage":1.0,"enemies":"Book of Stabbing","floor":31.0,"turns":4.0},{"damage":10.0,"enemies":"Champ","floor":33.0,"turns":7.0},{"damage":0.0,"enemies":"3 Shapes","floor":35.0,"turns":2.0},{"damage":0.0,"enemies":"3 Darklings","floor":37.0,"turns":4.0},{"damage":1.0,"enemies":"Transient","floor":38.0,"turns":6.0},{"damage":9.0,"enemies":"Spire Growth","floor":39.0,"turns":3.0},{"damage":10.0,"enemies":"Nemesis","floor":40.0,"turns":3.0},{"damage":4.0,"enemies":"2 Orb Walkers","floor":42.0,"turns":3.0},{"damage":13.0,"enemies":"Maw","floor":44.0,"turns":5.0},{"damage":0.0,"enemies":"Giant Head","floor":45.0,"turns":5.0},{"damage":0.0,"enemies":"3 Darklings","floor":46.0,"turns":2.0},{"damage":3.0,"enemies":"Reptomancer","floor":47.0,"turns":4.0},{"damage":0,"enemies":"Donu and Deca","floor":50,"turns":5},{"damage":14,"enemies":"Time Eater","floor":51,"turns":5}],"seed_played":"-8518550155479092735","potions_obtained":[{"floor":3.0,"key":"EssenceOfSteel"},{"floor":5.0,"key":"FearPotion"},{"floor":7.0,"key":"Fire Potion"},{"floor":10.0,"key":"Block Potion"},{"floor":13.0,"key":"SpeedPotion"},{"floor":22.0,"key":"Explosive Potion"},{"floor":24.0,"key":"Strength Potion"},{"floor":25.0,"key":"Weak Potion"},{"floor":27.0,"key":"EssenceOfSteel"},{"floor":29.0,"key":"Weak Potion"},{"floor":37.0,"key":"Poison Potion"},{"floor":38.0,"key":"EssenceOfSteel"},{"floor":40.0,"key":"PowerPotion"},{"floor":45.0,"key":"AttackPotion"},{"floor":47.0,"key":"Poison Potion"}],"is_trial":false,"path_per_floor":["M","M","M","M","M","R","M","E","T","E","M","R","M","E","R","B",null,"M","$","M","M","M","R","E","M","T","E","M","M","R","E","R","B",null,"M","?","M","M","M","E","R","?","T","M","E","M","E","?","R","B","B"],"character_chosen":"THE_SILENT","basemod:card_modifiers":[null,null,null,null,null,null,null,null,null,null,null,null,null,null,null,null,null,null,null,null,null,null,null,null,null,null,null,null,null],"items_purchased":["Membership Card","After Image"],"campfire_rested":2,"item_purchase_floors":[19,19],"current_hp_per_floor":[53,47,47,47,46,46,45,42,42,30,30,49,46,27,27,14,53,53,53,53,41,41,41,34,34,34,33,26,26,45,44,44,34,58,58,58,58,57,48,38,38,34,34,21,21,21,18,18,18,18,4],"gold":771,"neow_bonus":"HUNDRED_GOLD","is_prod":false,"is_daily":false,"chose_seed":false,"campfire_upgraded":5,"win_rate":0,"timestamp":1722955567,"path_taken":["M","M","M","M","M","R","M","E","T","E","M","R","M","E","R","BOSS","M","$","M","M","?","R","E","M","T","E","M","M","R","E","R","BOSS","M","?","M","M","M","E","R","?","T","M","E","M","E","?","R","BOSS","BOSS"],"build_version":"2022-12-18","purchased_purges":1,"victory":false,"max_hp_per_floor":[66,66,66,66,66,66,66,66,66,66,66,66,66,66,66,66,66,66,66,66,66,66,66,66,66,66,66,66,66,66,66,66,66,66,66,66,66,66,66,66,66,66,66,66,66,66,66,66,66,66,66],"relic_stats":{"counters":[35,149],"Blue Candle":[1],"HoveringKite":[30],"Tingsha":[135],"Pen Nib":[44],"Omamori":0,"Smiling Mask":0,"Shuriken":[74],"MealTicket":0,"Membership Card":123,"Kunai":[95],"obtain_stats":[{"Potion Belt":9,"Blue Candle":40,"Vajra":8,"HoveringKite":34,"Tingsha":42,"Pen Nib":14,"Omamori":26,"Smiling Mask":45,"WristBlade":17,"Shuriken":31,"MealTicket":27,"Membership Card":19,"Kunai":24,"InkBottle":10,"Ring of the Snake":0},{"Potion Belt":7,"Blue Candle":28,"Vajra":7,"HoveringKite":23,"Tingsha":29,"Pen Nib":11,"Omamori":18,"Smiling Mask":31,"WristBlade":12,"Shuriken":22,"MealTicket":19,"Membership Card":13,"Kunai":17,"InkBottle":8,"Ring of the Snake":0},{"Potion Belt":31,"Blue Candle":120,"Vajra":31,"HoveringKite":102,"Tingsha":123,"Pen Nib":50,"Omamori":79,"Smiling Mask":133,"WristBlade":58,"Shuriken":95,"MealTicket":83,"Membership Card":63,"Kunai":76,"InkBottle":40,"Ring of the Snake":0}],"InkBottle":[74],"Ring of the Snake":[70]},"card_choices":[{"not_picked":["Flying Knee","Calculated Gamble"],"picked":"Backstab","floor":1.0},{"not_picked":["Backstab","PiercingWail","Prepared"],"picked":"SKIP","floor":2.0},{"not_picked":["Acrobatics","Prepared"],"picked":"Reflex","floor":3.0},{"not_picked":["Dagger Spray","Flying Knee"],"picked":"Blade Dance","floor":4.0},{"not_picked":["Burst","Catalyst"],"picked":"Deadly Poison","floor":5.0},{"not_picked":["Dash","Distraction","Deflect"],"picked":"SKIP","floor":7.0},{"not_picked":["Poisoned Stab","All Out Attack"],"picked":"Leg Sweep","floor":8.0},{"not_picked":["Slice","Expertise","Crippling Poison"],"picked":"SKIP","floor":10.0},{"not_picked":["Backflip","Finisher"],"picked":"Blade Dance","floor":11.0},{"not_picked":["Footwork","Endless Agony","Flying Knee"],"picked":"SKIP","floor":13.0},{"not_picked":["Backstab","Outmaneuver"],"picked":"Escape Plan","floor":14.0},{"not_picked":["Deflect","Dagger Throw"],"picked":"Backstab","floor":18.0},{"not_picked":["Terror","Sucker Punch"],"picked":"Blade Dance+1","floor":20.0},{"not_picked":["Deadly Poison","Flying Knee+1","Predator"],"picked":"SKIP","floor":21.0},{"not_picked":["Deadly Poison","Malaise","Bane"],"picked":"SKIP","floor":22.0},{"not_picked":["PiercingWail","Prepared"],"picked":"Acrobatics","floor":24.0},{"not_picked":["PiercingWail","Prepared","Masterful Stab"],"picked":"SKIP","floor":25.0},{"not_picked":["Corpse Explosion","Dagger Throw","Cloak And Dagger"],"picked":"SKIP","floor":27.0},{"not_picked":["Bane","Flying Knee"],"picked":"Acrobatics","floor":28.0},{"not_picked":["Leg Sweep","Blade Dance","Dagger Throw+1"],"picked":"SKIP","floor":29.0},{"not_picked":["Caltrops","Tools of the Trade"],"picked":"Escape Plan","floor":31.0},{"not_picked":["Escape Plan+1","Underhanded Strike+1"],"picked":"Reflex","floor":35.0},{"not_picked":["Infinite Blades","Choke","Flying Knee"],"picked":"SKIP","floor":37.0},{"not_picked":["Slice","Eviscerate+1"],"picked":"Calculated Gamble","floor":38.0},{"not_picked":["Poisoned Stab+1","Dagger Spray"],"picked":"Backflip","floor":39.0},{"not_picked":["Backstab","Riddle With Holes","Bouncing Flask+1"],"picked":"SKIP","floor":40.0},{"not_picked":["Grand Finale","Blade Dance","Deadly Poison"],"picked":"SKIP","floor":44.0},{"not_picked":["Blade Dance+1","Backflip"],"picked":"Acrobatics+1","floor":45.0},{"not_picked":["Outmaneuver","Dagger Spray","Underhanded Strike+1"],"picked":"SKIP","floor":46.0},{"not_picked":["Outmaneuver","Dagger Spray","Underhanded Strike+1"],"picked":"SKIP","floor":46.0},{"not_picked":["Cloak And Dagger","After Image"],"picked":"Adrenaline","floor":47.0}],"player_experience":774031,"relics_obtained":[{"floor":8.0,"key":"Vajra"},{"floor":9.0,"key":"Potion Belt"},{"floor":10.0,"key":"InkBottle"},{"floor":14.0,"key":"Pen Nib"},{"floor":24.0,"key":"Kunai"},{"floor":26.0,"key":"Omamori"},{"floor":27.0,"key":"MealTicket"},{"floor":31.0,"key":"Shuriken"},{"floor":40.0,"key":"Blue Candle"},{"floor":42.0,"key":"Tingsha"},{"floor":45.0,"key":"Smiling Mask"}],"event_choices":[{"cards_removed":["Defend_G"],"damage_healed":0.0,"max_hp_gain":0.0,"max_hp_loss":0.0,"gold_gain":0.0,"event_name":"Falling","player_choice":"Removed Skill","floor":36.0,"gold_loss":0.0,"damage_taken":0.0},{"damage_healed":0.0,"max_hp_gain":0.0,"max_hp_loss":0.0,"gold_gain":0.0,"event_name":"Mysterious Sphere","player_choice":"Fight","floor":42.0,"gold_loss":0.0,"damage_taken":0.0},{"damage_healed":0.0,"max_hp_gain":0.0,"max_hp_loss":0.0,"gold_gain":0.0,"event_name":"Tomb of Lord Red Mask","player_choice":"Ignored","floor":48.0,"gold_loss":0.0,"damage_taken":0.0}],"is_beta":false,"boss_relics":[{"not_picked":["Calling Bell","Cursed Key"],"picked":"WristBlade"},{"not_picked":["Coffee Dripper","Fusion Hammer"],"picked":"HoveringKite"}],"items_purged_floors":[19],"is_endless":false,"potions_floor_spawned":[3,5,7,10,13,22,24,25,27,29,37,38,40,45,47],"killed_by":"Time Eater","ascension_level":20}