{"gold_per_floor":[115,131,151,161,177,177,206,206,206,223,223,242,40,58,58,133,183,202,212,232,242,242],"floor_reached":22,"playtime":734,"items_purged":[],"score":388,"play_id":"69074854-fa5e-4996-8244-ac8425b691ab","local_time":"20240807023349","is_ascension_mode":true,"campfire_choices":[{"data":"Flechettes","floor":6.0,"key":"SMITH"},{"floor":8.0,"key":"REST"},{"data":"Apotheosis","floor":15.0,"key":"SMITH"}],"neow_cost":"NONE","seed_source_timestamp":49740908809800,"circlet_count":0,"master_deck":["AscendersBane","Strike_G","Strike_G","Strike_G","Strike_G","Strike_G","Defend_G","Defend_G","Defend_G","Defend_G","Defend_G","Survivor","Neutralize","Flechettes+1","Noxious Fumes","Acrobatics+1","Flying Knee","Deadly Poison","Distraction+1","Cloak And Dagger","Apotheosis+1","PiercingWail","Cloak And Dagger","Calculated Gamble","Outmaneuver"],"special_seed":0,"relics":["Ring of the Snake","Bronze Scales","Dead Branch","Tiny House"],"potions_floor_usage":[22],"damage_taken":[{"damage":2.0,"enemies":"Jaw Worm","floor":1.0,"turns":6.0},{"damage":1.0,"enemies":"Cultist","floor":2.0,"turns":4.0},{"damage":0.0,"enemies":"2 Louse","floor":3.0,"turns":3.0},{"damage":6.0,"enemies":"Exordium Wildlife","floor":4.0,"turns":5.0},{"damage":9.0,"enemies":"Large Slime","floor":5.0,"turns":9.0},{"damage":32.0,"enemies":"3 Sentries","floor":7.0,"turns":14.0},{"damage":1.0,"enemies":"Looter","floor":10.0,"turns":4.0},{"damage":0.0,"enemies":"2 Fungi Beasts","floor":12.0,"turns":4.0},{"damage":5.0,"enemies":"Exordium Thugs","floor":14.0,"turns":3.0},{"damage":7.0,"enemies":"The Guardian","floor":16.0,"turns":9.0},{"damage":0.0,"enemies":"3 Byrds","floor":18.0,"turns":2.0},{"damage":4.0,"enemies":"Shell Parasite","floor":19.0,"turns":7.0},{"damage":19.0,"enemies":"Chosen and Byrds","floor":20.0,"turns":6.0},{"damage":26.0,"enemies":"Snake Plant","floor":21.0,"turns":3.0},{"damage":15,"enemies":"Shelled Parasite and Fungi","floor":22,"turns":4}],"seed_played":"-1794399469320433431","potions_obtained":[{"floor":2.0,"key":"LiquidMemories"},{"floor":5.0,"key":"Swift Potion"},{"floor":10.0,"key":"SmokeBomb"},{"floor":14.0,"key":"GamblersBrew"},{"floor":16.0,"key":"Dexterity Potion"}],"is_trial":false,"path_per_floor":["M","M","M","M","M","R","E","R","T","M","?","M","$","M","R","B",null,"M","M","M","M","M"],"character_chosen":"THE_SILENT","basemod:card_modifiers":[null,null,null,null,null,null,null,null,null,null,null,null,null,null,null,null,null,null,null,null,null,null,null,null,null],"items_purchased":["Apotheosis"],"campfire_rested":1,"item_purchase_floors":[13],"current_hp_per_floor":[63,62,62,56,47,47,15,36,36,35,35,35,35,30,30,23,65,65,61,42,16,1],"gold":242,"neow_bonus":"TEN_PERCENT_HP_BONUS","is_prod":false,"is_daily":false,"chose_seed":false,"campfire_upgraded":2,"win_rate":0,"timestamp":1722965629,"path_taken":["M","M","M","M","M","R","E","R","T","M","?","M","$","?","R","BOSS","M","M","M","M","M"],"build_version":"2022-12-18","purchased_purges":0,"victory":false,"max_hp_per_floor":[72,72,72,72,72,72,72,72,72,72,72,72,72,72,72,72,77,77,77,77,77,77],"relic_stats":{"counters":[15,83],"Bronze Scales":[186],"Dead Branch":[66],"obtain_stats":[{"Tiny House":17,"Bronze Scales":7,"Dead Branch":9,"Ring of the Snake":0},{"Tiny House":10,"Bronze Scales":6,"Dead Branch":6,"Ring of the Snake":0},{"Tiny House":61,"Bronze Scales":41,"Dead Branch":41,"Ring of the Snake":0}],"Ring of the Snake":[30]},"card_choices":[{"not_picked":["Bane","Prepared"],"picked":"Flechettes","floor":1.0},{"not_picked":["Distraction","Crippling Poison"],"picked":"Noxious Fumes","floor":2.0},{"not_picked":["Backstab","Riddle With Holes"],"picked":"Acrobatics","floor":3.0},{"not_picked":["Backflip","Distraction"],"picked":"Flying Knee","floor":4.0},{"not_picked":["Caltrops","Dodge and Roll","Dagger Spray"],"picked":"SKIP","floor":5.0},{"not_picked":["Caltrops","Dodge and Roll","Dagger Spray"],"picked":"SKIP","floor":5.0},{"not_picked":["Expertise","Prepared"],"picked":"Deadly Poison","floor":7.0},{"not_picked":["Bane","Phantasmal Killer"],"picked":"Distraction","floor":10.0},{"not_picked":["Caltrops","Eviscerate"],"picked":"Cloak And Dagger","floor":12.0},{"not_picked":["Poisoned Stab","Bane"],"picked":"PiercingWail","floor":14.0},{"not_picked":["Flechettes","Deflect"],"picked":"Cloak And Dagger","floor":17.0},{"not_picked":["Noxious Fumes","Sucker Punch","Dodge and Roll"],"picked":"SKIP","floor":18.0},{"not_picked":["Dodge and Roll","Outmaneuver"],"picked":"Calculated Gamble","floor":19.0},{"not_picked":["Choke","Dagger Throw+1"],"picked":"Outmaneuver","floor":20.0},{"not_picked":["Poisoned Stab","Flying Knee+1","Dagger Throw"],"picked":"SKIP","floor":21.0}],"player_experience":783295,"relics_obtained":[{"floor":7.0,"key":"Bronze Scales"},{"floor":9.0,"key":"Dead Branch"}],"event_choices":[{"damage_healed":0.0,"max_hp_gain":0.0,"max_hp_loss":0.0,"gold_gain":0.0,"event_name":"Upgrade Shrine","player_choice":"Upgraded","floor":11.0,"gold_loss":0.0,"damage_taken":0.0,"cards_upgraded":["Distraction"]}],"is_beta":false,"boss_relics":[{"not_picked":["Ectoplasm","Runic Pyramid"],"picked":"Tiny House"}],"items_purged_floors":[],"is_endless":false,"potions_floor_spawned":[2,5,10,14,16],"killed_by":"Shelled Parasite and Fungi","ascension_level":20}