{"gold_per_floor":[112,126,143,155,175,175,190,190,214,242,242,3,30,47,47,118,118,128,106,125,25,25],"floor_reached":22,"playtime":716,"items_purged":["Strike_B","Defend_B"],"score":400,"play_id":"ebd9e4ee-aab7-411d-83d1-5ca0575b795e","local_time":"20240813132232","is_ascension_mode":true,"campfire_choices":[{"floor":6,"key":"REST"},{"floor":8,"key":"REST"},{"data":"Consume","floor":15,"key":"SMITH"}],"neow_cost":"NONE","seed_source_timestamp":1123587167200,"circlet_count":0,"master_deck":["AscendersBane","Strike_B","Strike_B","Strike_B","Defend_B","Defend_B","Defend_B","Zap","Dualcast","Undo","Ball Lightning","Capacitor","Biased Cognition","Seek","Leap","Consume+1","Biased Cognition","Hologram","Coolheaded"],"relics":["Cracked Core","NeowsBlessing","MealTicket","Art of War","Toolbox","Akabeko","Inserter"],"potions_floor_usage":[4,13],"damage_taken":[{"damage":0,"enemies":"Small Slimes","floor":1,"turns":1},{"damage":0,"enemies":"Cultist","floor":2,"turns":1},{"damage":0,"enemies":"Jaw Worm","floor":3,"turns":1},{"damage":36,"enemies":"Exordium Wildlife","floor":4,"turns":7},{"damage":0,"enemies":"2 Fungi Beasts","floor":5,"turns":5},{"damage":23,"enemies":"Exordium Thugs","floor":7,"turns":4},{"damage":15,"enemies":"Lagavulin","floor":10,"turns":6},{"damage":8,"enemies":"Gremlin Nob","floor":13,"turns":3},{"damage":0,"enemies":"Blue Slaver","floor":14,"turns":3},{"damage":24,"enemies":"The Guardian","floor":16,"turns":11},{"damage":0,"enemies":"Chosen","floor":18,"turns":3},{"damage":23,"enemies":"2 Thieves","floor":19,"turns":5},{"damage":30,"enemies":"Snake Plant","floor":20,"turns":5},{"damage":55,"enemies":"Cultist and Chosen","floor":22,"turns":5}],"seed_played":"5004756015475073049","potions_obtained":[{"floor":2,"key":"SkillPotion"},{"floor":4,"key":"Fire Potion"},{"floor":11,"key":"FairyPotion"},{"floor":13,"key":"Ancient Potion"}],"is_trial":false,"path_per_floor":["M","M","M","M","M","R","M","R","T","E","?","$","E","M","R","B",null,"M","M","M","$","M"],"character_chosen":"DEFECT","basemod:card_modifiers":[null,null,null,null,null,null,null,null,null,null,null,null,null,null,null,null,null,null,null],"items_purchased":["Toolbox"],"campfire_rested":2,"item_purchase_floors":[12],"current_hp_per_floor":[64,64,64,28,28,49,26,47,47,32,32,47,39,39,39,15,57,57,34,4,19,0],"gold":25,"neow_bonus":"THREE_ENEMY_KILL","is_prod":false,"is_daily":false,"chose_seed":false,"campfire_upgraded":1,"win_rate":0,"timestamp":1723522952,"path_taken":["M","M","M","M","M","R","M","R","T","E","?","$","E","M","R","BOSS","M","?","M","$","M"],"build_version":"2022-12-18","purchased_purges":2,"victory":false,"max_hp_per_floor":[71,71,71,71,71,71,71,71,71,71,71,71,71,71,71,71,71,71,71,71,71,71],"relic_stats":{"Inserter":[9],"counters":[14,60],"MealTicket":30,"Art of War":[15],"obtain_stats":[{"Inserter":17,"NeowsBlessing":0,"Toolbox":12,"MealTicket":9,"Art of War":10,"Cracked Core":0,"Akabeko":13},{"Inserter":10,"NeowsBlessing":0,"Toolbox":7,"MealTicket":6,"Art of War":7,"Cracked Core":0,"Akabeko":8},{"Inserter":42,"NeowsBlessing":0,"Toolbox":25,"MealTicket":19,"Art of War":25,"Cracked Core":0,"Akabeko":28}]},"card_choices":[{"not_picked":["Compile Driver","Streamline"],"picked":"Undo","floor":1},{"not_picked":["White Noise","Scrape","Leap"],"picked":"SKIP","floor":2},{"not_picked":["Tempest","Undo","Heatsinks"],"picked":"SKIP","floor":3},{"not_picked":["Reprogram","Streamline"],"picked":"Ball Lightning","floor":4},{"not_picked":["Undo","Steam"],"picked":"Capacitor","floor":5},{"not_picked":["Genetic Algorithm","Beam Cell"],"picked":"Biased Cognition","floor":7},{"not_picked":["Steam","Force Field"],"picked":"Seek","floor":10},{"not_picked":["Redo","Undo"],"picked":"Leap","floor":13},{"not_picked":["Chaos","Stack"],"picked":"Consume","floor":14},{"not_picked":["All For One","Seek"],"picked":"Biased Cognition","floor":16},{"not_picked":["Turbo","Stack","Barrage"],"picked":"SKIP","floor":18},{"not_picked":["Ball Lightning","BootSequence"],"picked":"Hologram","floor":19},{"not_picked":["Fusion+1","Reinforced Body"],"picked":"Coolheaded","floor":20}],"player_experience":802492,"relics_obtained":[{"floor":9,"key":"MealTicket"},{"floor":10,"key":"Art of War"},{"floor":13,"key":"Akabeko"}],"event_choices":[{"damage_healed":0,"gold_gain":0,"player_choice":"Got Potions","damage_taken":0,"max_hp_gain":0,"max_hp_loss":0,"event_name":"Lab","floor":11,"gold_loss":0}],"is_beta":false,"boss_relics":[{"not_picked":["Calling Bell","Fusion Hammer"],"picked":"Inserter"}],"items_purged_floors":[12,21],"is_endless":false,"potions_floor_spawned":[2,4,13,16,18,20],"killed_by":"Cultist and Chosen","ascension_level":20}