{"gold_per_floor":[211,15,27,27,27,53,53,79,160,160],"floor_reached":10,"playtime":164,"items_purged":["Defend_B"],"score":148,"play_id":"d2c3ba77-bcdd-4133-acdc-b4ad65384e28","local_time":"20240823164120","is_ascension_mode":true,"campfire_choices":[{"floor":7,"key":"REST"}],"neow_cost":"NONE","seed_source_timestamp":9552870141100,"circlet_count":0,"master_deck":["AscendersBane","Strike_B","Strike_B","Strike_B","Defend_B","Defend_B","Defend_B","Zap","Dualcast","Rip and Tear","Hello World","Hello World","Sweeping Beam","Ball Lightning"],"relics":["Cracked Core","Lantern","Symbiotic Virus","Question Card"],"potions_floor_usage":[10],"damage_taken":[{"damage":8,"enemies":"2 Louse","floor":1,"turns":2},{"damage":15,"enemies":"Small Slimes","floor":3,"turns":3},{"damage":30,"enemies":"Gremlin Nob","floor":6,"turns":4},{"damage":23,"enemies":"3 Sentries","floor":8,"turns":5},{"damage":12,"enemies":"Jaw Worm","floor":10,"turns":1}],"seed_played":"5348568411431643508","potions_obtained":[{"floor":8,"key":"SkillPotion"}],"is_trial":false,"path_per_floor":["M","$","M","?","?","E","R","E","T","M"],"character_chosen":"DEFECT","basemod:card_modifiers":[null,null,null,null,null,null,null,null,null,null,null,null,null,null],"items_purchased":["Rip and Tear","Hello World"],"campfire_rested":1,"item_purchase_floors":[2,2],"current_hp_per_floor":[56,56,41,41,34,4,25,2,2,0],"gold":160,"neow_bonus":"HUNDRED_GOLD","is_prod":false,"is_daily":false,"chose_seed":false,"campfire_upgraded":0,"win_rate":0,"timestamp":1724398880,"path_taken":["M","$","M","?","?","E","R","E","T","M"],"build_version":"2022-12-18","purchased_purges":1,"victory":false,"max_hp_per_floor":[71,71,71,71,71,71,71,71,71,71],"relic_stats":{"counters":[5,15],"Question Card":0,"obtain_stats":[{"Lantern":6,"Cracked Core":0,"Symbiotic Virus":8,"Question Card":9},{"Lantern":3,"Cracked Core":0,"Symbiotic Virus":4,"Question Card":4},{"Lantern":9,"Cracked Core":0,"Symbiotic Virus":14,"Question Card":14}]},"card_choices":[{"not_picked":["Rebound","Redo","Hologram"],"picked":"SKIP","floor":1},{"not_picked":["Reprogram","Cold Snap"],"picked":"Hello World","floor":3},{"not_picked":["Compile Driver","Rebound"],"picked":"Sweeping Beam","floor":6},{"not_picked":["FTL","Barrage"],"picked":"Ball Lightning","floor":8}],"player_experience":821332,"relics_obtained":[{"floor":6,"key":"Lantern"},{"floor":8,"key":"Symbiotic Virus"},{"floor":9,"key":"Question Card"}],"event_choices":[{"damage_healed":0,"gold_gain":0,"player_choice":"Fled","damage_taken":0,"max_hp_gain":0,"max_hp_loss":0,"event_name":"Scrap Ooze","floor":4,"gold_loss":0},{"cards_removed":["Strike_B"],"damage_healed":0,"gold_gain":0,"player_choice":"Card Removal","damage_taken":7,"max_hp_gain":0,"max_hp_loss":0,"event_name":"Golden Wing","floor":5,"gold_loss":0}],"is_beta":false,"boss_relics":[],"items_purged_floors":[2],"is_endless":false,"potions_floor_spawned":[8],"killed_by":"Jaw Worm","ascension_level":20}