{"gold_per_floor":[112,112,131,150,160,160,174,14,14,43,43,43,43],"floor_reached":13,"playtime":246,"items_purged":[],"score":195,"play_id":"ef524c53-6864-4c24-ab16-a802dd5196b5","local_time":"20240823174913","is_ascension_mode":true,"campfire_choices":[{"data":"Hologram","floor":6,"key":"SMITH"},{"data":"1","floor":11,"key":"LIFT"}],"neow_cost":"NONE","seed_source_timestamp":13543787235600,"circlet_count":0,"master_deck":["AscendersBane","Strike_B","Strike_B","Strike_B","Strike_B","Defend_B","Defend_B","Defend_B","Defend_B","Zap","Dualcast","Ball Lightning","Hologram+1","Gash","Go for the Eyes","Sunder"],"relics":["Nuclear Battery","Runic Capacitor","Mango","Girya"],"potions_floor_usage":[10],"damage_taken":[{"damage":7,"enemies":"Small Slimes","floor":1,"turns":4},{"damage":3,"enemies":"2 Louse","floor":3,"turns":3},{"damage":9,"enemies":"Jaw Worm","floor":4,"turns":3},{"damage":3,"enemies":"Blue Slaver","floor":5,"turns":4},{"damage":1,"enemies":"Large Slime","floor":7,"turns":5},{"damage":35,"enemies":"3 Sentries","floor":10,"turns":7},{"damage":8,"enemies":"Gremlin Nob","floor":13,"turns":3}],"seed_played":"2613318839861079769","potions_obtained":[{"floor":3,"key":"LiquidMemories"},{"floor":5,"key":"FocusPotion"},{"floor":10,"key":"DuplicationPotion"}],"is_trial":false,"path_per_floor":["M","?","M","M","M","R","M","$","T","E","R","?","E"],"character_chosen":"DEFECT","basemod:card_modifiers":[null,null,null,null,null,null,null,null,null,null,null,null,null,null,null,null],"items_purchased":["Runic Capacitor"],"campfire_rested":0,"item_purchase_floors":[8],"current_hp_per_floor":[57,62,59,50,47,47,46,46,60,25,25,25,17],"gold":43,"neow_bonus":"BOSS_RELIC","is_prod":false,"is_daily":false,"chose_seed":false,"campfire_upgraded":1,"win_rate":0,"timestamp":1724402953,"path_taken":["M","?","M","M","M","R","M","$","T","E","R","?","E"],"build_version":"2022-12-18","purchased_purges":0,"victory":false,"max_hp_per_floor":[71,76,76,76,76,76,76,76,90,90,90,90,90],"relic_stats":{"Girya":1,"counters":[7,29],"obtain_stats":[{"Girya":10,"Mango":9,"Runic Capacitor":8,"Cracked Core":0,"Nuclear Battery":0},{"Girya":6,"Mango":5,"Runic Capacitor":5,"Cracked Core":0,"Nuclear Battery":0},{"Girya":26,"Mango":19,"Runic Capacitor":19,"Cracked Core":0,"Nuclear Battery":0}]},"card_choices":[{"not_picked":["Sweeping Beam","Hologram"],"picked":"Ball Lightning","floor":1},{"not_picked":["Reprogram","Steam"],"picked":"Hologram","floor":3},{"not_picked":["Hologram","Conserve Battery","Leap"],"picked":"SKIP","floor":4},{"not_picked":["BootSequence","Rebound"],"picked":"Gash","floor":5},{"not_picked":["Redo","Leap"],"picked":"Go for the Eyes","floor":7},{"not_picked":["Machine Learning","Steam"],"picked":"Sunder","floor":10}],"player_experience":824997,"relics_obtained":[{"floor":9,"key":"Mango"},{"floor":10,"key":"Girya"}],"event_choices":[{"damage_healed":0,"gold_gain":0,"player_choice":"Donut","damage_taken":0,"max_hp_gain":5,"max_hp_loss":0,"event_name":"Big Fish","floor":2,"gold_loss":0},{"damage_healed":0,"gold_gain":0,"player_choice":"Ignored","damage_taken":0,"max_hp_gain":0,"max_hp_loss":0,"event_name":"Shining Light","floor":12,"gold_loss":0}],"is_beta":false,"boss_relics":[],"items_purged_floors":[],"is_endless":false,"potions_floor_spawned":[3,5,10],"killed_by":"Gremlin Nob","ascension_level":20}