{"gold_per_floor":[119,119,139,7,7,7,32,32,32,107,132,132,132,145,145,244,244,269,25,46,70,93,93],"floor_reached":23,"playtime":407,"items_purged":["Strike_B"],"score":448,"play_id":"ac569ec0-3740-4c7e-8b71-3a5f36292b4f","local_time":"20240823171452","is_ascension_mode":true,"campfire_choices":[{"data":"Beam Cell","floor":6,"key":"SMITH"},{"data":"Hologram","floor":8,"key":"SMITH"},{"data":"Zap","floor":13,"key":"SMITH"},{"floor":15,"key":"REST"}],"neow_cost":"NONE","seed_source_timestamp":11322321455000,"circlet_count":0,"master_deck":["AscendersBane","Strike_B","Strike_B","Strike_B","Defend_B","Defend_B","Defend_B","Zap+1","Dualcast","Gash","Ball Lightning","Beam Cell+1","Hologram+1","Melter","Conserve Battery+1","Scrape","Hologram","Darkness+1"],"relics":["FrozenCore","NeowsBlessing","Bag of Preparation","Juzu Bracelet","Vajra","Golden Idol","OrangePellets"],"potions_floor_usage":[16,21,23],"damage_taken":[{"damage":0,"enemies":"Small Slimes","floor":1,"turns":1},{"damage":0,"enemies":"Jaw Worm","floor":3,"turns":1},{"damage":0,"enemies":"3 Sentries","floor":7,"turns":1},{"damage":20,"enemies":"Lagavulin","floor":11,"turns":5},{"damage":0,"enemies":"2 Louse","floor":14,"turns":1},{"damage":32,"enemies":"The Guardian","floor":16,"turns":9},{"damage":9,"enemies":"2 Thieves","floor":18,"turns":3},{"damage":20,"enemies":"Shell Parasite","floor":20,"turns":4},{"damage":22,"enemies":"Chosen and Byrds","floor":21,"turns":5},{"damage":0,"enemies":"Centurion and Healer","floor":22,"turns":5},{"damage":4,"enemies":"Snake Plant","floor":23,"turns":2}],"seed_played":"-7153191641652774095","potions_obtained":[{"floor":3,"key":"FocusPotion"},{"floor":11,"key":"Swift Potion"},{"floor":14,"key":"DuplicationPotion"},{"floor":16,"key":"CultistPotion"},{"floor":21,"key":"PowerPotion"}],"is_trial":false,"path_per_floor":["M","?","M","$","?","R","E","R","T","?","E","?","R","M","R","B",null,"M","$","M","M","M","M"],"character_chosen":"DEFECT","basemod:card_modifiers":[null,null,null,null,null,null,null,null,null,null,null,null,null,null,null,null,null,null],"items_purchased":["Beam Cell","OrangePellets","Scrape"],"campfire_rested":1,"item_purchase_floors":[4,19,19],"current_hp_per_floor":[64,64,64,64,64,64,64,64,64,53,33,33,33,33,52,20,53,44,44,24,2,2,0],"gold":93,"neow_bonus":"THREE_ENEMY_KILL","is_prod":false,"is_daily":false,"chose_seed":false,"campfire_upgraded":3,"win_rate":0,"timestamp":1724400892,"path_taken":["M","?","M","$","?","R","E","R","T","?","E","?","R","M","R","BOSS","M","$","M","M","M","M"],"build_version":"2022-12-18","purchased_purges":1,"victory":false,"max_hp_per_floor":[71,71,71,71,71,71,71,71,71,71,71,64,64,64,64,64,64,64,64,64,64,64,64],"relic_stats":{"OrangePellets":[0],"counters":[11,37],"Golden Idol":42,"Bag of Preparation":[16],"Juzu Bracelet":0,"obtain_stats":[{"OrangePellets":19,"NeowsBlessing":0,"Golden Idol":12,"Vajra":11,"Bag of Preparation":7,"Juzu Bracelet":9,"Cracked Core":0,"FrozenCore":17},{"OrangePellets":7,"NeowsBlessing":0,"Golden Idol":4,"Vajra":4,"Bag of Preparation":3,"Juzu Bracelet":3,"Cracked Core":0,"FrozenCore":6},{"OrangePellets":21,"NeowsBlessing":0,"Golden Idol":8,"Vajra":8,"Bag of Preparation":3,"Juzu Bracelet":3,"Cracked Core":0,"FrozenCore":18}],"FrozenCore":[10]},"card_choices":[{"not_picked":["Genetic Algorithm","Coolheaded"],"picked":"Gash","floor":1},{"not_picked":["Redo","Blizzard"],"picked":"Ball Lightning","floor":3},{"not_picked":["Loop","Blizzard"],"picked":"Hologram","floor":7},{"not_picked":["Steam Power","Beam Cell","Barrage"],"picked":"SKIP","floor":11},{"not_picked":["Barrage","Doom and Gloom"],"picked":"Melter","floor":14},{"not_picked":["BootSequence","Auto Shields"],"picked":"Conserve Battery+1","floor":18},{"not_picked":["Leap","Conserve Battery","Sweeping Beam"],"picked":"SKIP","floor":20},{"not_picked":["Aggregate","Rebound"],"picked":"Hologram","floor":21},{"not_picked":["Darkness+1","Ball Lightning","Compile Driver"],"picked":"SKIP","floor":22},{"not_picked":["Ball Lightning","Compile Driver"],"picked":"Darkness+1","floor":22}],"player_experience":822992,"relics_obtained":[{"floor":7,"key":"Bag of Preparation"},{"floor":9,"key":"Juzu Bracelet"},{"floor":11,"key":"Vajra"}],"event_choices":[{"cards_removed":["Defend_B"],"damage_healed":0,"gold_gain":0,"player_choice":"Forget","damage_taken":0,"max_hp_gain":0,"max_hp_loss":0,"event_name":"Living Wall","floor":2,"gold_loss":0},{"damage_healed":0,"gold_gain":0,"player_choice":"Ignored","damage_taken":0,"max_hp_gain":0,"max_hp_loss":0,"event_name":"Liars Game","floor":5,"gold_loss":0},{"damage_healed":0,"gold_gain":75,"player_choice":"Gather Gold","damage_taken":11,"max_hp_gain":0,"max_hp_loss":0,"event_name":"World of Goop","floor":10,"gold_loss":0},{"damage_healed":0,"gold_gain":0,"player_choice":"Lose Max HP","damage_taken":0,"relics_obtained":["Golden Idol"],"max_hp_gain":0,"max_hp_loss":7,"event_name":"Golden Idol","floor":12,"gold_loss":0}],"is_beta":false,"boss_relics":[{"not_picked":["Philosopher\u0027s Stone","Empty Cage"],"picked":"FrozenCore"}],"items_purged_floors":[4],"is_endless":false,"potions_floor_spawned":[3,11,14,16,20,21],"killed_by":"Snake Plant","ascension_level":20}