{"gold_per_floor":[117,117,135,147,164,191,191,203,203,214,224,224],"floor_reached":12,"playtime":279,"items_purged":[],"score":168,"play_id":"9ff09fbf-bdbd-4a0b-a73f-b255ca031c38","local_time":"20240823173958","is_ascension_mode":true,"campfire_choices":[{"data":"Static Discharge","floor":7.0,"key":"SMITH"}],"neow_cost":"NONE","seed_source_timestamp":12906392571500,"circlet_count":0,"master_deck":["AscendersBane","Strike_B","Strike_B","Strike_B","Strike_B","Defend_B","Defend_B","Defend_B","Defend_B","Zap","Dualcast","Seek","Static Discharge+1","Gash","Sunder","Hologram","Glacier","Ball Lightning","Turbo"],"special_seed":0,"relics":["Cracked Core","CaptainsWheel","Kunai"],"potions_floor_usage":[],"damage_taken":[{"damage":14.0,"enemies":"Jaw Worm","floor":1.0,"turns":4.0},{"damage":2.0,"enemies":"Cultist","floor":3.0,"turns":4.0},{"damage":4.0,"enemies":"Small Slimes","floor":4.0,"turns":3.0},{"damage":9.0,"enemies":"3 Louse","floor":5.0,"turns":4.0},{"damage":35.0,"enemies":"Lagavulin","floor":6.0,"turns":5.0},{"damage":11.0,"enemies":"Exordium Wildlife","floor":8.0,"turns":5.0},{"damage":3,"enemies":"Exordium Thugs","floor":10,"turns":6},{"damage":3,"enemies":"Blue Slaver","floor":11,"turns":4},{"damage":7,"enemies":"Exordium Wildlife","floor":12,"turns":1}],"seed_played":"-3399114649859354084","potions_obtained":[{"floor":2.0,"key":"FairyPotion"},{"floor":2.0,"key":"DuplicationPotion"},{"floor":6.0,"key":"FocusPotion"},{"floor":10,"key":"Explosive Potion"}],"is_trial":false,"path_per_floor":["M","?","M","M","M","E","R","M","T","M","M","M"],"character_chosen":"DEFECT","basemod:card_modifiers":[null,null,null,null,null,null,null,null,null,null,null,null,null,null,null,null,null,null,null],"items_purchased":[],"campfire_rested":0,"item_purchase_floors":[],"current_hp_per_floor":[50,50,48,44,35,21,21,10,10,7,4,0],"gold":224,"neow_bonus":"ONE_RANDOM_RARE_CARD","is_prod":false,"is_daily":false,"chose_seed":false,"campfire_upgraded":1,"win_rate":0,"timestamp":1724402398,"path_taken":["M","?","M","M","M","E","R","?","T","M","M","M"],"build_version":"2022-12-18","purchased_purges":0,"victory":false,"max_hp_per_floor":[71,71,71,71,71,71,71,71,71,71,71,71],"relic_stats":{"counters":[9,36],"Kunai":[1],"obtain_stats":[{"CaptainsWheel":6,"Kunai":9,"Cracked Core":0},{"CaptainsWheel":5,"Kunai":6,"Cracked Core":0},{"CaptainsWheel":20,"Kunai":25,"Cracked Core":0}]},"card_choices":[{"not_picked":["Go for the Eyes","Streamline"],"picked":"Static Discharge","floor":1.0},{"not_picked":["Stack","Go for the Eyes"],"picked":"Gash","floor":3.0},{"not_picked":["FTL","Leap"],"picked":"Sunder","floor":4.0},{"not_picked":["Stack","Leap"],"picked":"Hologram","floor":5.0},{"not_picked":["Turbo","Buffer"],"picked":"Glacier","floor":6.0},{"not_picked":["Leap","Sweeping Beam","Reprogram"],"picked":"SKIP","floor":8.0},{"not_picked":["Recycle","Hello World"],"picked":"Ball Lightning","floor":10},{"not_picked":["Redo","Leap"],"picked":"Turbo","floor":11}],"player_experience":824438,"relics_obtained":[{"floor":6.0,"key":"CaptainsWheel"},{"floor":9.0,"key":"Kunai"}],"event_choices":[{"damage_healed":0.0,"max_hp_gain":0.0,"max_hp_loss":0.0,"gold_gain":0.0,"event_name":"Lab","player_choice":"Got Potions","floor":2.0,"gold_loss":0.0,"damage_taken":0.0}],"is_beta":false,"boss_relics":[],"items_purged_floors":[],"is_endless":false,"potions_floor_spawned":[3,5,6,10],"killed_by":"Exordium Wildlife","ascension_level":20}