{"gold_per_floor":[210,59,76,76,100,100,138,138,138,138,188,188,207,207],"floor_reached":14,"playtime":248,"items_purged":["Strike_G"],"score":176,"play_id":"0f9063c2-a379-4014-8c24-0f5aa98ec557","local_time":"20240823001711","is_ascension_mode":true,"campfire_choices":[{"data":"Deadly Poison","floor":6.0,"key":"SMITH"},{"data":"Caltrops","floor":12.0,"key":"SMITH"}],"neow_cost":"NONE","seed_source_timestamp":24802420577900,"circlet_count":0,"master_deck":["AscendersBane","Strike_G","Strike_G","Strike_G","Strike_G","Defend_G","Defend_G","Defend_G","Defend_G","Defend_G","Survivor","Neutralize","Terror","Caltrops+1","Deadly Poison+1","Poisoned Stab","Crippling Poison"],"special_seed":0,"relics":["Ring of the Snake","Golden Idol","The Specimen","Sundial"],"potions_floor_usage":[14,14],"damage_taken":[{"damage":1.0,"enemies":"Jaw Worm","floor":1.0,"turns":5.0},{"damage":7.0,"enemies":"Small Slimes","floor":3.0,"turns":4.0},{"damage":7.0,"enemies":"Cultist","floor":5.0,"turns":5.0},{"damage":26.0,"enemies":"Lagavulin","floor":7.0,"turns":7.0},{"damage":14.0,"enemies":"Exordium Thugs","floor":13.0,"turns":5.0},{"damage":8,"enemies":"Gremlin Nob","floor":14,"turns":3}],"seed_played":"3448306868124105971","potions_obtained":[{"floor":1.0,"key":"SteroidPotion"},{"floor":5.0,"key":"SneckoOil"},{"floor":13.0,"key":"FearPotion"}],"is_trial":false,"path_per_floor":["M","$","M","?","M","R","E","?","T","?","?","R","M","E"],"character_chosen":"THE_SILENT","basemod:card_modifiers":[null,null,null,null,null,null,null,null,null,null,null,null,null,null,null,null,null],"items_purchased":["Caltrops"],"campfire_rested":0,"item_purchase_floors":[2],"current_hp_per_floor":[58,58,51,51,44,44,18,38,38,38,38,38,24,16],"gold":207,"neow_bonus":"HUNDRED_GOLD","is_prod":false,"is_daily":false,"chose_seed":false,"campfire_upgraded":2,"win_rate":0,"timestamp":1724339831,"path_taken":["M","$","M","?","M","R","E","?","T","?","?","R","M","E"],"build_version":"2022-12-18","purchased_purges":1,"victory":false,"max_hp_per_floor":[66,66,66,60,60,60,60,60,60,60,60,60,60,60],"relic_stats":{"The Specimen":[13],"counters":[6,29],"Golden Idol":17,"Sundial":[0],"obtain_stats":[{"The Specimen":7,"Golden Idol":4,"Sundial":9,"Ring of the Snake":0},{"The Specimen":4,"Golden Idol":2,"Sundial":4,"Ring of the Snake":0},{"The Specimen":21,"Golden Idol":9,"Sundial":21,"Ring of the Snake":0}],"Ring of the Snake":[12]},"card_choices":[{"not_picked":["Footwork","Expertise"],"picked":"Terror","floor":1.0},{"not_picked":["Distraction","Poisoned Stab"],"picked":"Deadly Poison","floor":3.0},{"not_picked":["Underhanded Strike","Eviscerate"],"picked":"Poisoned Stab","floor":5.0},{"not_picked":["Cloak And Dagger","Tactician"],"picked":"Crippling Poison","floor":7.0},{"not_picked":["Dodge and Roll","Bouncing Flask","Cloak And Dagger"],"picked":"SKIP","floor":13.0}],"player_experience":809797,"relics_obtained":[{"floor":7.0,"key":"The Specimen"},{"floor":9.0,"key":"Sundial"}],"event_choices":[{"damage_healed":0.0,"max_hp_gain":0.0,"max_hp_loss":6.0,"gold_gain":0.0,"event_name":"Golden Idol","player_choice":"Lose Max HP","floor":4.0,"gold_loss":0.0,"damage_taken":0.0,"relics_obtained":["Golden Idol"]},{"damage_healed":20.0,"max_hp_gain":0.0,"max_hp_loss":0.0,"gold_gain":0.0,"event_name":"Big Fish","player_choice":"Banana","floor":8.0,"gold_loss":0.0,"damage_taken":0.0},{"damage_healed":0.0,"max_hp_gain":0.0,"max_hp_loss":0.0,"gold_gain":0.0,"event_name":"Scrap Ooze","player_choice":"Fled","floor":10.0,"gold_loss":0.0,"damage_taken":0.0},{"damage_healed":0.0,"max_hp_gain":0.0,"max_hp_loss":0.0,"gold_gain":50.0,"event_name":"Golden Shrine","player_choice":"Pray","floor":11.0,"gold_loss":0.0,"damage_taken":0.0}],"is_beta":false,"boss_relics":[],"items_purged_floors":[2],"is_endless":false,"potions_floor_spawned":[1,5,13],"killed_by":"Gremlin Nob","ascension_level":20}