{"gold_per_floor":[116,133,147,147,107,107,125,125,125,135,148,148,173,188,188,260,260,273,122,132,32,51,79,79,112,138,158,158,45,70,85,85,157,157,176,176,192,192,37,69,83,112,112,112,131,166,166,166,166,166,166,166,166,16,45,45],"floor_reached":56,"playtime":2409,"items_purged":["Defend_B","Strike_B","Defend_B","Defend_B"],"score":2294,"play_id":"0579f59d-7a65-4e73-8991-be66d5c4621d","local_time":"20240824002115","is_ascension_mode":true,"campfire_choices":[{"data":"Sweeping Beam","floor":6.0,"key":"SMITH"},{"data":"Rip and Tear","floor":8.0,"key":"SMITH"},{"data":"Recycle","floor":12.0,"key":"SMITH"},{"floor":15.0,"key":"REST"},{"floor":24.0,"key":"REST"},{"floor":28.0,"key":"REST"},{"data":"Coolheaded","floor":32.0,"key":"SMITH"},{"floor":49.0,"key":"RECALL"},{"data":"Capacitor","floor":53.0,"key":"SMITH"}],"neow_cost":"NONE","seed_source_timestamp":34683005010200,"circlet_count":0,"master_deck":["AscendersBane","Strike_B","Strike_B","Strike_B","Defend_B","Zap","Dualcast","Sweeping Beam+1","Recycle+1","Reinforced Body","Rip and Tear+1","Cold Snap+1","Compile Driver","Ball Lightning","Meteor Strike","Doom and Gloom","Capacitor+1","Compile Driver+1","Buffer","Coolheaded+1","Sunder+1","Meteor Strike","Coolheaded","Apotheosis","Compile Driver","Glacier","Doubt","Defragment","Coolheaded"],"special_seed":0,"relics":["SacredBark","StrikeDummy","Ancient Tea Set","Snecko Eye","Nunchaku","HornCleat","DataDisk","Akabeko","Black Star","Incense Burner","Kunai","The Courier","Bronze Scales","Dream Catcher","Anchor","Art of War","Whetstone"],"potions_floor_usage":[56],"damage_taken":[{"damage":6.0,"enemies":"2 Louse","floor":1.0,"turns":3.0},{"damage":7.0,"enemies":"Cultist","floor":2.0,"turns":4.0},{"damage":4.0,"enemies":"Small Slimes","floor":3.0,"turns":3.0},{"damage":7.0,"enemies":"Looter","floor":5.0,"turns":4.0},{"damage":6.0,"enemies":"Exordium Wildlife","floor":7.0,"turns":5.0},{"damage":8.0,"enemies":"Blue Slaver","floor":10.0,"turns":3.0},{"damage":4.0,"enemies":"3 Louse","floor":11.0,"turns":3.0},{"damage":17.0,"enemies":"3 Sentries","floor":13.0,"turns":7.0},{"damage":8.0,"enemies":"Large Slime","floor":14.0,"turns":4.0},{"damage":19.0,"enemies":"The Guardian","floor":16.0,"turns":17.0},{"damage":5.0,"enemies":"3 Byrds","floor":18.0,"turns":4.0},{"damage":11.0,"enemies":"Spheric Guardian","floor":20.0,"turns":3.0},{"damage":0.0,"enemies":"Chosen and Byrds","floor":22.0,"turns":4.0},{"damage":15.0,"enemies":"Book of Stabbing","floor":23.0,"turns":5.0},{"damage":6.0,"enemies":"Slavers","floor":25.0,"turns":5.0},{"damage":22.0,"enemies":"Shelled Parasite and Fungi","floor":27.0,"turns":4.0},{"damage":18.0,"enemies":"Gremlin Leader","floor":30.0,"turns":5.0},{"damage":0.0,"enemies":"3 Cultists","floor":31.0,"turns":4.0},{"damage":0.0,"enemies":"Champ","floor":33.0,"turns":8.0},{"damage":5.0,"enemies":"3 Darklings","floor":35.0,"turns":3.0},{"damage":0.0,"enemies":"3 Shapes","floor":37.0,"turns":2.0},{"damage":9.0,"enemies":"Reptomancer","floor":40.0,"turns":5.0},{"damage":5.0,"enemies":"Spire Growth","floor":41.0,"turns":4.0},{"damage":0.0,"enemies":"Giant Head","floor":42.0,"turns":5.0},{"damage":2.0,"enemies":"Maw","floor":45.0,"turns":5.0},{"damage":16.0,"enemies":"Nemesis","floor":46.0,"turns":5.0},{"damage":16.0,"enemies":"Time Eater","floor":50.0,"turns":10.0},{"damage":0.0,"enemies":"Awakened One","floor":51.0,"turns":10.0},{"damage":0.0,"enemies":"Shield and Spear","floor":55.0,"turns":2.0},{"damage":94,"enemies":"The Heart","floor":56,"turns":6}],"seed_played":"915020192532795510","potions_obtained":[{"floor":1.0,"key":"FocusPotion"},{"floor":3.0,"key":"Ancient Potion"},{"floor":7.0,"key":"Block Potion"},{"floor":14.0,"key":"Dexterity Potion"},{"floor":16.0,"key":"ColorlessPotion"},{"floor":22.0,"key":"SkillPotion"},{"floor":31.0,"key":"Explosive Potion"},{"floor":33.0,"key":"Weak Potion"},{"floor":40.0,"key":"SteroidPotion"},{"floor":45.0,"key":"SteroidPotion"},{"floor":55.0,"key":"Energy Potion"}],"is_trial":false,"path_per_floor":["M","M","M","?","M","R","M","R","T","M","M","R","E","M","R","B",null,"M","$","M","$","M","E","R","E","T","M","R","$","E","M","R","B",null,"M","?","M","?","$","E","M","E","T","?","M","E","?","?","R","B","B",null,"R","$","E","B"],"character_chosen":"DEFECT","basemod:card_modifiers":[null,null,null,null,null,null,null,null,null,null,null,null,null,null,null,null,null,null,null,null,null,null,null,null,null,null,null,null,null],"items_purchased":["Doom and Gloom","Coolheaded","SkillPotion","Compile Driver","Defragment"],"campfire_rested":3,"item_purchase_floors":[19,29,29,39,54],"current_hp_per_floor":[58,51,47,71,64,64,58,58,58,50,46,46,29,21,42,23,59,54,54,43,43,43,28,49,43,43,21,42,42,24,24,24,24,59,54,54,54,44,44,35,30,30,30,30,28,12,12,67,67,51,51,63,63,63,63,0],"gold":45,"neow_bonus":"BOSS_RELIC","is_prod":false,"is_daily":false,"chose_seed":false,"campfire_upgraded":5,"win_rate":0,"timestamp":1724426475,"path_taken":["M","M","M","?","M","R","M","R","T","M","M","R","E","M","R","BOSS","M","$","M","$","M","E","R","E","T","M","R","?","E","M","R","BOSS","M","?","M","?","$","E","M","E","T","?","?","E","?","?","R","BOSS","BOSS","R","$","E","BOSS"],"build_version":"2022-12-18","purchased_purges":4,"victory":false,"max_hp_per_floor":[71,71,71,71,71,71,71,71,71,71,71,71,71,71,71,71,71,71,71,71,71,71,71,71,71,71,71,71,71,71,71,71,71,71,71,67,67,67,67,67,67,67,67,67,67,67,67,67,67,67,67,67,67,67,67,67],"relic_stats":{"Nunchaku":[28],"Dream Catcher":0,"counters":[30,152],"Bronze Scales":[213],"Snecko Eye":[248,209,234,228,-27],"The Courier":37,"Black Star":4,"Art of War":[1],"Kunai":[46],"Whetstone":["Cold Snap","Sunder"],"Ancient Tea Set":[12],"obtain_stats":[{"SacredBark":0,"The Courier":42,"Incense Burner":40,"Whetstone":55,"Ancient Tea Set":13,"Akabeko":30,"Nunchaku":23,"DataDisk":26,"Dream Catcher":46,"Anchor":46,"HornCleat":25,"Bronze Scales":42,"Snecko Eye":17,"Black Star":34,"Art of War":55,"Kunai":40,"Cracked Core":0,"StrikeDummy":9},{"SacredBark":0,"The Courier":24,"Incense Burner":22,"Whetstone":29,"Ancient Tea Set":8,"Akabeko":17,"Nunchaku":14,"DataDisk":15,"Dream Catcher":26,"Anchor":26,"HornCleat":15,"Bronze Scales":24,"Snecko Eye":10,"Black Star":19,"Art of War":29,"Kunai":22,"Cracked Core":0,"StrikeDummy":5},{"SacredBark":0,"The Courier":114,"Incense Burner":105,"Whetstone":146,"Ancient Tea Set":32,"Akabeko":83,"Nunchaku":69,"DataDisk":74,"Dream Catcher":124,"Anchor":124,"HornCleat":74,"Bronze Scales":114,"Snecko Eye":53,"Black Star":95,"Art of War":146,"Kunai":105,"Cracked Core":0,"StrikeDummy":19}]},"card_choices":[{"not_picked":["Heatsinks","Fusion","Turbo"],"picked":"SKIP","floor":1.0},{"not_picked":["Redo","Steam"],"picked":"Sweeping Beam","floor":2.0},{"not_picked":["Thunder Strike","Reprogram"],"picked":"Recycle","floor":3.0},{"not_picked":["Gash","Leap"],"picked":"Reinforced Body","floor":5.0},{"not_picked":["Scrape","Rebound"],"picked":"Rip and Tear","floor":7.0},{"not_picked":["Fusion","Steam"],"picked":"Cold Snap","floor":10.0},{"not_picked":["Undo","Darkness"],"picked":"Compile Driver","floor":11.0},{"not_picked":["Reprogram","Cold Snap"],"picked":"Leap","floor":13.0},{"not_picked":["Conserve Battery","Hello World"],"picked":"Ball Lightning","floor":14.0},{"not_picked":["Echo Form","Rainbow"],"picked":"Meteor Strike","floor":16.0},{"not_picked":["Gash","Leap","Stack+1"],"picked":"SKIP","floor":18.0},{"not_picked":["Rebound","Lockon","Barrage"],"picked":"SKIP","floor":20.0},{"not_picked":["Coolheaded","Conserve Battery"],"picked":"Capacitor","floor":22.0},{"not_picked":["Streamline+1","Leap"],"picked":"Compile Driver+1","floor":23.0},{"not_picked":["Cold Snap","Fusion+1"],"picked":"Buffer","floor":25.0},{"not_picked":["Streamline+1","Blizzard","Leap"],"picked":"SKIP","floor":27.0},{"not_picked":["Turbo","Melter"],"picked":"Sunder","floor":30.0},{"not_picked":["Gash","Reprogram","Lockon"],"picked":"SKIP","floor":31.0},{"not_picked":["Echo Form","Thunder Strike"],"picked":"Meteor Strike","floor":33.0},{"not_picked":["Conserve Battery","Auto Shields"],"picked":"Coolheaded","floor":35.0},{"not_picked":["Gash","Cold Snap","Tempest"],"picked":"SKIP","floor":37.0},{"not_picked":["Metamorphosis","Good Instincts"],"picked":"Apotheosis","floor":38.0},{"not_picked":["Leap","Fusion","Lockon"],"picked":"SKIP","floor":40.0},{"not_picked":["Go for the Eyes","Streamline","Rebound+1"],"picked":"SKIP","floor":41.0},{"not_picked":["Barrage","Ball Lightning+1","Melter"],"picked":"SKIP","floor":42.0},{"not_picked":["Lockon","Redo"],"picked":"Glacier","floor":45.0},{"not_picked":["Conserve Battery","Machine Learning","Darkness+1"],"picked":"SKIP","floor":46.0},{"not_picked":["Beam Cell","Compile Driver+1"],"picked":"Coolheaded","floor":55.0}],"player_experience":829228,"relics_obtained":[{"floor":9.0,"key":"StrikeDummy"},{"floor":13.0,"key":"Ancient Tea Set"},{"floor":23.0,"key":"Nunchaku"},{"floor":25.0,"key":"HornCleat"},{"floor":26.0,"key":"DataDisk"},{"floor":30.0,"key":"Akabeko"},{"floor":40.0,"key":"Incense Burner"},{"floor":40.0,"key":"Kunai"},{"floor":42.0,"key":"The Courier"},{"floor":42.0,"key":"Bronze Scales"},{"floor":46.0,"key":"Dream Catcher"},{"floor":46.0,"key":"Anchor"},{"floor":55.0,"key":"Art of War"},{"floor":55.0,"key":"Whetstone"}],"event_choices":[{"damage_healed":24.0,"max_hp_gain":0.0,"max_hp_loss":0.0,"gold_gain":0.0,"event_name":"Wheel of Change","player_choice":"Full Heal","floor":4.0,"gold_loss":0.0,"damage_taken":0.0},{"damage_healed":0.0,"max_hp_gain":0.0,"max_hp_loss":4.0,"gold_gain":0.0,"event_name":"Winding Halls","player_choice":"Max HP","floor":36.0,"gold_loss":0.0,"damage_taken":0.0},{"damage_healed":0.0,"max_hp_gain":0.0,"max_hp_loss":0.0,"gold_gain":0.0,"event_name":"SensoryStone","player_choice":"Memory 3","floor":38.0,"gold_loss":0.0,"damage_taken":10.0},{"cards_removed":["Leap"],"damage_healed":0.0,"max_hp_gain":0.0,"max_hp_loss":0.0,"gold_gain":0.0,"event_name":"Falling","player_choice":"Removed Skill","floor":44.0,"gold_loss":0.0,"damage_taken":0.0},{"damage_healed":0.0,"max_hp_gain":0.0,"max_hp_loss":0.0,"gold_gain":0.0,"event_name":"The Moai Head","player_choice":"Ignored","floor":47.0,"gold_loss":0.0,"damage_taken":0.0},{"damage_healed":55.0,"max_hp_gain":0.0,"max_hp_loss":0.0,"gold_gain":0.0,"event_name":"MindBloom","player_choice":"Heal","floor":48.0,"gold_loss":0.0,"damage_taken":0.0,"cards_obtained":["Doubt"]}],"is_beta":false,"boss_relics":[{"not_picked":["Philosopher\u0027s Stone","Runic Dome"],"picked":"Snecko Eye"},{"not_picked":["Coffee Dripper","Velvet Choker"],"picked":"Black Star"}],"items_purged_floors":[19,21,39,54],"is_endless":false,"potions_floor_spawned":[1,3,7,11,14,16,18,20,22,31,33,40,41,45,55],"killed_by":"The Heart","ascension_level":20}