{"gold_per_floor":[109,124,124,49,59,59,85,85,85,100,114,114,144,144,144,222,222,238,21,21,37,49,49],"floor_reached":23,"playtime":661,"items_purged":["Strike_B"],"score":552,"play_id":"ea038c4a-9398-4319-be62-87e9a25ef74e","local_time":"20240909221249","is_ascension_mode":true,"campfire_choices":[{"data":"Buffer","floor":6,"key":"SMITH"},{"floor":8,"key":"REST"},{"data":"Go for the Eyes","floor":12,"key":"SMITH"},{"floor":15,"key":"REST"}],"neow_cost":"TEN_PERCENT_HP_LOSS","seed_source_timestamp":2706355935600,"circlet_count":0,"master_deck":["AscendersBane","Strike_B","Strike_B+1","Defend_B","Defend_B","Zap","Dualcast","Creative AI","Buffer+1","Ball Lightning+1","Lockon","Reboot","Go for the Eyes+1","Coolheaded","Core Surge","Consume+1","Coolheaded"],"relics":["Cracked Core","Kunai","Omamori","Sundial","InkBottle","Inserter"],"potions_floor_usage":[11,13,13,23],"damage_taken":[{"damage":7,"enemies":"2 Louse","floor":1,"turns":3},{"damage":3,"enemies":"Small Slimes","floor":2,"turns":3},{"damage":7,"enemies":"Jaw Worm","floor":5,"turns":2},{"damage":0,"enemies":"Gremlin Nob","floor":7,"turns":4},{"damage":0,"enemies":"2 Fungi Beasts","floor":10,"turns":3},{"damage":15,"enemies":"Gremlin Gang","floor":11,"turns":4},{"damage":37,"enemies":"3 Sentries","floor":13,"turns":9},{"damage":0,"enemies":"Slime Boss","floor":16,"turns":10},{"damage":23,"enemies":"Shell Parasite","floor":18,"turns":6},{"damage":0,"enemies":"Chosen","floor":21,"turns":5},{"damage":24,"enemies":"Snake Plant","floor":22,"turns":4},{"damage":0,"enemies":"Gremlin Leader","floor":23,"turns":3}],"seed_played":"4333058499800699672","potions_obtained":[{"floor":1,"key":"EssenceOfSteel"},{"floor":10,"key":"BlessingOfTheForge"},{"floor":11,"key":"Regen Potion"},{"floor":13,"key":"SkillPotion"}],"is_trial":false,"path_per_floor":["M","M","?","?","M","R","E","R","T","M","M","R","E","T","R","B",null,"M","$","?","M","M","E"],"character_chosen":"DEFECT","basemod:card_modifiers":[null,null,null,null,null,null,null,null,null,null,null,null,null,null,null,null,null],"items_purchased":["Consume","SpeedPotion"],"campfire_rested":2,"item_purchase_floors":[19,19],"current_hp_per_floor":[57,54,35,35,28,28,28,47,47,47,32,32,10,10,29,29,55,32,32,32,32,8,8],"gold":49,"neow_bonus":"TRANSFORM_TWO_CARDS","is_prod":false,"is_daily":false,"chose_seed":false,"campfire_upgraded":2,"win_rate":0,"timestamp":1725887569,"path_taken":["M","M","?","?","M","R","E","R","T","M","M","R","E","?","R","BOSS","M","$","?","M","M","E"],"build_version":"2022-12-18","purchased_purges":1,"victory":false,"max_hp_per_floor":[64,64,64,64,64,64,64,64,64,64,64,64,64,64,64,64,64,64,64,64,64,64,64],"relic_stats":{"Inserter":[9],"counters":[12,56],"Sundial":[6],"Omamori":0,"Kunai":[7],"obtain_stats":[{"Inserter":17,"Sundial":13,"Omamori":9,"Kunai":7,"Cracked Core":0,"InkBottle":14},{"Inserter":8,"Sundial":7,"Omamori":4,"Kunai":4,"Cracked Core":0,"InkBottle":7},{"Inserter":38,"Sundial":28,"Omamori":12,"Kunai":12,"Cracked Core":0,"InkBottle":28}],"InkBottle":[8]},"card_choices":[{"not_picked":["Genetic Algorithm","Heatsinks"],"picked":"Ball Lightning","floor":1},{"not_picked":["Leap","Streamline","Turbo"],"picked":"SKIP","floor":2},{"not_picked":["Cold Snap","Hyperbeam"],"picked":"Lockon","floor":5},{"not_picked":["Leap","Steam"],"picked":"Reboot","floor":7},{"not_picked":["Cold Snap","Scrape"],"picked":"Go for the Eyes","floor":10},{"not_picked":["Steam","Static Discharge"],"picked":"Coolheaded","floor":11},{"not_picked":["Stack","Coolheaded","Streamline"],"picked":"SKIP","floor":13},{"not_picked":["Multi-Cast","Thunder Strike"],"picked":"Core Surge","floor":16},{"not_picked":["Rebound","Stack","Streamline"],"picked":"SKIP","floor":18},{"not_picked":["Streamline","Conserve Battery"],"picked":"Coolheaded","floor":21},{"not_picked":["Stack","Cold Snap","Reprogram"],"picked":"SKIP","floor":22}],"player_experience":835331,"relics_obtained":[{"floor":7,"key":"Kunai"},{"floor":9,"key":"Omamori"},{"floor":13,"key":"Sundial"},{"floor":14,"key":"InkBottle"}],"event_choices":[{"damage_healed":0,"gold_gain":0,"player_choice":"Entered Light","damage_taken":19,"max_hp_gain":0,"max_hp_loss":0,"event_name":"Shining Light","floor":3,"gold_loss":0,"cards_upgraded":["Strike_B","Ball Lightning"]},{"cards_removed":["Defend_B"],"damage_healed":0,"gold_gain":0,"player_choice":"Card Removal","damage_taken":0,"max_hp_gain":0,"max_hp_loss":0,"event_name":"The Cleric","floor":4,"gold_loss":75},{"damage_healed":0,"gold_gain":0,"player_choice":"Upgraded","damage_taken":0,"max_hp_gain":0,"max_hp_loss":0,"event_name":"Upgrade Shrine","floor":20,"gold_loss":0,"cards_upgraded":["Consume"]}],"is_beta":false,"boss_relics":[{"not_picked":["Runic Dome","Coffee Dripper"],"picked":"Inserter"}],"items_purged_floors":[19],"is_endless":false,"potions_floor_spawned":[1,10,11,13,21,22],"killed_by":"Gremlin Leader","ascension_level":20}