{"gold_per_floor":[112,37,56,16,35,70,70,102,102,102,134,154,170,25,25,25],"floor_reached":16,"playtime":303,"items_purged":["Strike_R"],"score":290,"play_id":"b4b1e538-b292-4f81-bafd-5c52153ba605","local_time":"20240910165214","is_ascension_mode":true,"campfire_choices":[{"data":"Sword Boomerang","floor":7,"key":"SMITH"},{"floor":15,"key":"REST"}],"neow_cost":"NONE","seed_source_timestamp":2926192661800,"circlet_count":0,"master_deck":["AscendersBane","Strike_R","Strike_R","Strike_R","Defend_R","Defend_R","Defend_R","Defend_R","Bash","Sword Boomerang+1","Heavy Blade","Offering","Anger","Power Through","Brutality+1"],"relics":["Burning Blood","NeowsBlessing","Bag of Preparation","Frozen Egg 2","Strawberry","Lantern","Bronze Scales"],"potions_floor_usage":[6,6,8,12,16],"damage_taken":[{"damage":0,"enemies":"Small Slimes","floor":1,"turns":1},{"damage":0,"enemies":"Cultist","floor":3,"turns":1},{"damage":0,"enemies":"2 Louse","floor":5,"turns":1},{"damage":35,"enemies":"3 Sentries","floor":6,"turns":6},{"damage":0,"enemies":"Gremlin Nob","floor":8,"turns":2},{"damage":36,"enemies":"Lagavulin","floor":11,"turns":5},{"damage":18,"enemies":"Exordium Thugs","floor":12,"turns":5},{"damage":6,"enemies":"Large Slime","floor":13,"turns":4},{"damage":41,"enemies":"Slime Boss","floor":16,"turns":7}],"seed_played":"1445304618429431797","potions_obtained":[{"floor":1,"key":"BlessingOfTheForge"},{"floor":4,"key":"SpeedPotion"},{"floor":4,"key":"CultistPotion"},{"floor":6,"key":"SteroidPotion"},{"floor":8,"key":"Fire Potion"},{"floor":13,"key":"EssenceOfSteel"}],"is_trial":false,"path_per_floor":["M","$","M","?","M","E","R","E","T","?","E","M","M","?","R","B"],"character_chosen":"IRONCLAD","basemod:card_modifiers":[null,null,null,null,null,null,null,null,null,null,null,null,null,null,null],"items_purchased":[],"campfire_rested":1,"item_purchase_floors":[],"current_hp_per_floor":[74,74,75,75,75,46,46,52,59,59,29,17,17,17,41,0],"gold":25,"neow_bonus":"THREE_ENEMY_KILL","is_prod":false,"is_daily":false,"chose_seed":false,"campfire_upgraded":1,"win_rate":0,"timestamp":1725954734,"path_taken":["M","$","M","?","?","E","R","E","T","?","E","?","M","?","R","BOSS"],"build_version":"2022-12-18","purchased_purges":1,"victory":false,"max_hp_per_floor":[75,75,75,75,75,75,75,75,82,82,82,82,82,82,82,82],"relic_stats":{"counters":[9,31],"Bronze Scales":[12],"Bag of Preparation":[10],"obtain_stats":[{"Lantern":11,"NeowsBlessing":0,"Strawberry":9,"Bronze Scales":14,"Bag of Preparation":6,"Frozen Egg 2":8,"Burning Blood":0},{"Lantern":6,"NeowsBlessing":0,"Strawberry":5,"Bronze Scales":8,"Bag of Preparation":4,"Frozen Egg 2":5,"Burning Blood":0},{"Lantern":16,"NeowsBlessing":0,"Strawberry":11,"Bronze Scales":25,"Bag of Preparation":9,"Frozen Egg 2":11,"Burning Blood":0}],"Burning Blood":37},"card_choices":[{"not_picked":["Reckless Charge","Anger"],"picked":"Sword Boomerang","floor":1},{"not_picked":["Burning Pact","Perfected Strike"],"picked":"Heavy Blade","floor":3},{"not_picked":["Sword Boomerang","Heavy Blade"],"picked":"Offering","floor":5},{"not_picked":["True Grit","Uppercut"],"picked":"Anger","floor":6},{"not_picked":["Flex","Warcry","Heavy Blade"],"picked":"SKIP","floor":8},{"not_picked":["Pommel Strike","Heavy Blade"],"picked":"Power Through","floor":11},{"not_picked":["Sever Soul","Sword Boomerang","Power Through"],"picked":"SKIP","floor":12},{"not_picked":["Entrench","Warcry"],"picked":"Brutality+1","floor":13}],"player_experience":844235,"relics_obtained":[{"floor":6,"key":"Bag of Preparation"},{"floor":8,"key":"Frozen Egg 2"},{"floor":9,"key":"Strawberry"},{"floor":11,"key":"Lantern"}],"event_choices":[{"damage_healed":0,"gold_gain":0,"player_choice":"Bought 3 Potions","damage_taken":0,"max_hp_gain":0,"max_hp_loss":0,"event_name":"The Woman in Blue","floor":4,"gold_loss":0},{"cards_removed":["Strike_R"],"damage_healed":0,"gold_gain":0,"player_choice":"Offered Basic","damage_taken":0,"max_hp_gain":0,"max_hp_loss":0,"event_name":"Bonfire Elementals","floor":10,"gold_loss":0},{"damage_healed":0,"gold_gain":0,"player_choice":"Paid Gold","damage_taken":0,"relics_obtained":["Bronze Scales"],"max_hp_gain":0,"max_hp_loss":0,"event_name":"WeMeetAgain","floor":14,"gold_loss":145}],"is_beta":false,"boss_relics":[],"items_purged_floors":[2],"is_endless":false,"potions_floor_spawned":[1,6,8,13],"killed_by":"Slime Boss","ascension_level":20}