{"gold_per_floor":[109,119,138,148,164,194,194,221,221,231,241,260,210,244,244,318,318,337,34,49,49,65,65,65,96,96,96],"floor_reached":27,"playtime":627,"items_purged":["Strike_R","Strike_R"],"score":514,"play_id":"70573a36-b1de-4487-bc62-166f1c62ae27","local_time":"20240910172547","is_ascension_mode":true,"campfire_choices":[{"data":"Sword Boomerang","floor":7,"key":"SMITH"},{"data":"Bludgeon","floor":15,"key":"SMITH"},{"data":"Corruption","floor":23,"key":"SMITH"}],"neow_cost":"TEN_PERCENT_HP_LOSS","seed_source_timestamp":4597343976000,"circlet_count":0,"master_deck":["AscendersBane","Strike_R","Strike_R","Strike_R","Defend_R","Defend_R","Defend_R","Defend_R","Bash","Impervious","Anger","Spot Weakness","Sword Boomerang+1","Pommel Strike","Power Through","Bludgeon+1","Battle Trance","Corruption+1","Reaper","Dual Wield+1","Bloodletting","Feel No Pain","Seeing Red"],"special_seed":0,"relics":["Burning Blood","Toy Ornithopter","Pear","Smiling Mask","Potion Belt","Coffee Dripper","Lee\u0027s Waffle","Meat on the Bone"],"potions_floor_usage":[6,8,16,16,25,25],"damage_taken":[{"damage":17.0,"enemies":"Cultist","floor":1.0,"turns":5.0},{"damage":0,"enemies":"Small Slimes","floor":2,"turns":4},{"damage":9,"enemies":"Jaw Worm","floor":3,"turns":5},{"damage":13,"enemies":"Blue Slaver","floor":4,"turns":4},{"damage":1,"enemies":"Looter","floor":5,"turns":4},{"damage":25,"enemies":"3 Sentries","floor":6,"turns":8},{"damage":7,"enemies":"Lagavulin","floor":8,"turns":8},{"damage":1,"enemies":"Exordium Thugs","floor":10,"turns":4},{"damage":8,"enemies":"Blue Slaver","floor":11,"turns":4},{"damage":9,"enemies":"Red Slaver","floor":12,"turns":3},{"damage":11,"enemies":"Gremlin Nob","floor":14,"turns":3},{"damage":48,"enemies":"Slime Boss","floor":16,"turns":10},{"damage":38,"enemies":"Shell Parasite","floor":18,"turns":6},{"damage":0,"enemies":"Spheric Guardian","floor":20,"turns":3},{"damage":41,"enemies":"Snake Plant","floor":22,"turns":6},{"damage":50,"enemies":"Slavers","floor":25,"turns":6},{"damage":51,"enemies":"Book of Stabbing","floor":27,"turns":5}],"seed_played":"-3843900698163426188","potions_obtained":[{"floor":2,"key":"BloodPotion"},{"floor":4,"key":"FearPotion"},{"floor":6,"key":"EssenceOfSteel"},{"floor":10,"key":"HeartOfIron"},{"floor":11,"key":"Strength Potion"},{"floor":14,"key":"FearPotion"},{"floor":18,"key":"AttackPotion"},{"floor":25,"key":"Explosive Potion"}],"is_trial":false,"path_per_floor":["M","M","M","M","M","E","R","E","T","M","M","M","$","E","R","B",null,"M","$","M","$","M","R","?","E","T","E"],"character_chosen":"IRONCLAD","basemod:card_modifiers":[null,null,null,null,null,null,null,null,null,null,null,null,null,null,null,null,null,null,null,null,null,null,null],"items_purchased":["Bloodletting","Lee\u0027s Waffle"],"campfire_rested":0,"item_purchase_floors":[19,19],"current_hp_per_floor":[57,63,60,53,58,57,57,71,71,76,74,71,71,66,66,34,67,35,85,85,85,61,61,61,44,44,0],"gold":96,"neow_bonus":"THREE_RARE_CARDS","is_prod":false,"is_daily":false,"chose_seed":false,"campfire_upgraded":3,"win_rate":0,"timestamp":1725956747,"path_taken":["M","?","M","M","M","E","R","E","T","M","M","?","?","E","R","BOSS","M","$","M","$","M","R","?","E","T","E"],"build_version":"2022-12-18","purchased_purges":2,"victory":false,"max_hp_per_floor":[68,68,68,68,68,68,68,78,78,78,78,78,78,78,78,78,78,78,85,85,85,85,85,85,85,85,85],"relic_stats":{"Lee\u0027s Waffle":50,"counters":[17,88],"Smiling Mask":75,"obtain_stats":[{"Potion Belt":14,"Lee\u0027s Waffle":19,"Pear":8,"Coffee Dripper":17,"Smiling Mask":9,"Burning Blood":0,"Toy Ornithopter":6,"Meat on the Bone":25},{"Potion Belt":11,"Lee\u0027s Waffle":13,"Pear":7,"Coffee Dripper":12,"Smiling Mask":7,"Burning Blood":0,"Toy Ornithopter":6,"Meat on the Bone":16},{"Potion Belt":52,"Lee\u0027s Waffle":68,"Pear":38,"Coffee Dripper":62,"Smiling Mask":38,"Burning Blood":0,"Toy Ornithopter":30,"Meat on the Bone":83}],"Burning Blood":90,"Toy Ornithopter":30,"Meat on the Bone":0},"card_choices":[{"not_picked":["Barricade","Berserk"],"picked":"Impervious","floor":0.0},{"not_picked":["Warcry","Armaments"],"picked":"Anger","floor":1.0},{"not_picked":["Evolve","Headbutt"],"picked":"Spot Weakness","floor":2},{"not_picked":["Pommel Strike","Thunderclap"],"picked":"Sword Boomerang","floor":3},{"not_picked":["Iron Wave","Twin Strike"],"picked":"Pommel Strike","floor":4},{"not_picked":["Feel No Pain","Clothesline"],"picked":"Power Through","floor":5},{"not_picked":["Rage","Clothesline","Spot Weakness"],"picked":"SKIP","floor":6},{"not_picked":["Clash","Burning Pact"],"picked":"Bludgeon","floor":8},{"not_picked":["Ghostly Armor","Disarm","Sentinel"],"picked":"SKIP","floor":10},{"not_picked":["True Grit","Carnage","Warcry"],"picked":"SKIP","floor":11},{"not_picked":["Sword Boomerang","Perfected Strike"],"picked":"Battle Trance","floor":12},{"not_picked":["Clash","Pommel Strike"],"picked":"Corruption","floor":14},{"not_picked":["Juggernaut","Berserk"],"picked":"Reaper","floor":16},{"not_picked":["Flex","True Grit"],"picked":"Dual Wield+1","floor":18},{"not_picked":["True Grit","Cleave"],"picked":"Feel No Pain","floor":20},{"not_picked":["Whirlwind","Heavy Blade","Headbutt"],"picked":"SKIP","floor":22},{"not_picked":["Sword Boomerang","Havoc"],"picked":"Seeing Red","floor":25}],"player_experience":845765,"relics_obtained":[{"floor":6,"key":"Toy Ornithopter"},{"floor":8,"key":"Pear"},{"floor":9,"key":"Smiling Mask"},{"floor":14,"key":"Potion Belt"},{"floor":25,"key":"Meat on the Bone"}],"event_choices":[{"damage_healed":0,"gold_gain":0,"player_choice":"Ignored","damage_taken":0,"max_hp_gain":0,"max_hp_loss":0,"event_name":"N\u0027loth","floor":24,"gold_loss":0}],"is_beta":false,"boss_relics":[{"not_picked":["Runic Cube","Black Star"],"picked":"Coffee Dripper"}],"items_purged_floors":[13,19],"is_endless":false,"potions_floor_spawned":[2,4,6,10,11,14,18,25],"killed_by":"Book of Stabbing","ascension_level":20}