{"gold_per_floor":[211,222,94,111,111,151,151,76,76,102,102,127,160,40,40,40],"floor_reached":16,"playtime":231,"items_purged":["Strike_R"],"score":216,"play_id":"a23161e5-4bf4-4547-8094-a83ede61cbe1","local_time":"20240910172953","is_ascension_mode":true,"campfire_choices":[{"floor":7,"key":"REST"},{"floor":11,"key":"REST"},{"floor":15,"key":"REST"}],"neow_cost":"NONE","seed_source_timestamp":5249445507900,"circlet_count":0,"master_deck":["AscendersBane","Strike_R","Strike_R","Strike_R","Defend_R","Defend_R","Defend_R","Defend_R","Bash","Sword Boomerang","Perfected Strike","Twin Strike","Perfected Strike","Hemokinesis","Pommel Strike","Shrug It Off","Spot Weakness","Demon Form"],"special_seed":0,"relics":["Burning Blood","Golden Idol","The Courier","Question Card","Odd Mushroom","CaptainsWheel"],"potions_floor_usage":[6,10,13],"damage_taken":[{"damage":12.0,"enemies":"Cultist","floor":1.0,"turns":4.0},{"damage":16.0,"enemies":"Jaw Worm","floor":2.0,"turns":6.0},{"damage":15.0,"enemies":"Small Slimes","floor":4.0,"turns":3.0},{"damage":24,"enemies":"Gremlin Nob","floor":6,"turns":4},{"damage":18,"enemies":"The Mushroom Lair","floor":10,"turns":4},{"damage":16,"enemies":"Looter","floor":12,"turns":4},{"damage":41,"enemies":"Lagavulin","floor":13,"turns":6},{"damage":28,"enemies":"Hexaghost","floor":16,"turns":4}],"seed_played":"112313295427459355","potions_obtained":[{"floor":2.0,"key":"Weak Potion"},{"floor":6,"key":"SneckoOil"},{"floor":12,"key":"Energy Potion"}],"is_trial":false,"path_per_floor":["M","M","$","M","?","E","R","?","T","?","R","M","E","$","R","B"],"character_chosen":"IRONCLAD","basemod:card_modifiers":[null,null,null,null,null,null,null,null,null,null,null,null,null,null,null,null,null,null],"items_purchased":["Twin Strike","Demon Form"],"campfire_rested":3,"item_purchase_floors":[3,14],"current_hp_per_floor":[62,52,52,43,43,25,45,45,45,33,53,43,8,8,28,0],"gold":40,"neow_bonus":"HUNDRED_GOLD","is_prod":false,"is_daily":false,"chose_seed":false,"campfire_upgraded":0,"win_rate":0,"timestamp":1725956993,"path_taken":["M","?","$","M","?","E","R","?","T","?","R","M","E","?","R","BOSS"],"build_version":"2022-12-18","purchased_purges":1,"victory":false,"max_hp_per_floor":[75,75,75,75,68,68,68,68,68,68,68,68,68,68,68,68],"relic_stats":{"counters":[8,35],"Golden Idol":25,"The Courier":30,"Question Card":3,"obtain_stats":[{"CaptainsWheel":13,"Golden Idol":5,"The Courier":6,"Odd Mushroom":10,"Question Card":9,"Burning Blood":0},{"CaptainsWheel":7,"Golden Idol":3,"The Courier":4,"Odd Mushroom":5,"Question Card":4,"Burning Blood":0},{"CaptainsWheel":31,"Golden Idol":13,"The Courier":17,"Odd Mushroom":21,"Question Card":17,"Burning Blood":0}],"Burning Blood":42},"card_choices":[{"not_picked":["Thunderclap","Twin Strike"],"picked":"Sword Boomerang","floor":1.0},{"not_picked":["Anger","Rage"],"picked":"Perfected Strike","floor":2.0},{"not_picked":["True Grit","Body Slam"],"picked":"Perfected Strike","floor":4},{"not_picked":["True Grit","Battle Trance"],"picked":"Hemokinesis","floor":6},{"not_picked":["Thunderclap","Heavy Blade","Anger"],"picked":"Pommel Strike","floor":10},{"not_picked":["Entrench","Flex","Warcry"],"picked":"Shrug It Off","floor":12},{"not_picked":["Clash","Feel No Pain","Warcry"],"picked":"Spot Weakness","floor":13}],"player_experience":846392,"relics_obtained":[{"floor":6,"key":"The Courier"},{"floor":9,"key":"Question Card"},{"floor":10,"key":"Odd Mushroom"},{"floor":13,"key":"CaptainsWheel"}],"event_choices":[{"damage_healed":0,"gold_gain":0,"player_choice":"Lose Max HP","damage_taken":0,"relics_obtained":["Golden Idol"],"max_hp_gain":0,"max_hp_loss":7,"event_name":"Golden Idol","floor":5,"gold_loss":0},{"cards_removed":["Strike_R"],"damage_healed":0,"gold_gain":0,"player_choice":"Card Removal","damage_taken":0,"max_hp_gain":0,"max_hp_loss":0,"event_name":"The Cleric","floor":8,"gold_loss":75},{"damage_healed":0,"gold_gain":0,"player_choice":"Fought Mushrooms","damage_taken":0,"max_hp_gain":0,"max_hp_loss":0,"event_name":"Mushrooms","floor":10,"gold_loss":0}],"is_beta":false,"boss_relics":[],"items_purged_floors":[3],"is_endless":false,"potions_floor_spawned":[2,6,12],"killed_by":"Hexaghost","ascension_level":20}