{"gold_per_floor":[214,37,54,54,54,54,84,96,96,123,181,195,214,244,244,320,320,332,55,65,77,93,124,124,154,154,154,154,179,195,211,211,211],"floor_reached":33,"playtime":893,"items_purged":["Strike_R","Strike_R"],"score":829,"play_id":"848a5ab4-8a30-4eff-9198-eb23b8d26f66","local_time":"20240912153642","is_ascension_mode":true,"campfire_choices":[{"data":"Fire Breathing","floor":6.0,"key":"SMITH"},{"data":"Evolve","floor":15.0,"key":"SMITH"},{"data":"Offering","floor":24.0,"key":"SMITH"},{"floor":32,"key":"REST"}],"neow_cost":"NONE","seed_source_timestamp":3606604545500,"circlet_count":0,"master_deck":["AscendersBane","Defend_R","Defend_R","Defend_R+1","Defend_R","Bash","Fire Breathing+1","Power Through","Evolve+1","Pommel Strike+1","Second Wind","Feel No Pain","Battle Trance","Offering+1","Cleave+1","Warcry","Bite","Bite","Bite","Bite","Bite","Shockwave+1"],"special_seed":0,"relics":["Burning Blood","Mercury Hourglass","Akabeko","MealTicket","Bag of Marbles","Omamori","Tiny Chest","Black Star","PreservedInsect","Whetstone","Du-Vu Doll","Singing Bowl","Molten Egg 2","Dream Catcher"],"potions_floor_usage":[29,33,33],"damage_taken":[{"damage":1.0,"enemies":"Cultist","floor":1.0,"turns":3.0},{"damage":7.0,"enemies":"2 Louse","floor":3.0,"turns":4.0},{"damage":5.0,"enemies":"3 Sentries","floor":7.0,"turns":4.0},{"damage":0.0,"enemies":"Small Slimes","floor":8.0,"turns":2.0},{"damage":28.0,"enemies":"Lagavulin","floor":10.0,"turns":8.0},{"damage":18.0,"enemies":"Gremlin Nob","floor":11.0,"turns":4.0},{"damage":0.0,"enemies":"2 Fungi Beasts","floor":12.0,"turns":2.0},{"damage":0.0,"enemies":"Looter","floor":13.0,"turns":2.0},{"damage":2.0,"enemies":"3 Sentries","floor":14.0,"turns":4.0},{"damage":0.0,"enemies":"Slime Boss","floor":16.0,"turns":5.0},{"damage":4.0,"enemies":"Chosen","floor":18.0,"turns":4.0},{"damage":7.0,"enemies":"3 Byrds","floor":20.0,"turns":4.0},{"damage":13.0,"enemies":"Snake Plant","floor":21.0,"turns":4.0},{"damage":20.0,"enemies":"Centurion and Healer","floor":22.0,"turns":10.0},{"damage":22.0,"enemies":"Gremlin Leader","floor":23.0,"turns":7.0},{"damage":24.0,"enemies":"Book of Stabbing","floor":25.0,"turns":5.0},{"damage":0,"enemies":"Slavers","floor":29,"turns":1},{"damage":30,"enemies":"Snecko","floor":30,"turns":5},{"damage":23,"enemies":"Snake Plant","floor":31,"turns":4},{"damage":112,"enemies":"Champ","floor":33,"turns":12}],"seed_played":"6804303924377758062","potions_obtained":[{"floor":1.0,"key":"SteroidPotion"},{"floor":8.0,"key":"Fruit Juice"},{"floor":10.0,"key":"SkillPotion"},{"floor":11.0,"key":"Dexterity Potion"},{"floor":12.0,"key":"Strength Potion"},{"floor":20.0,"key":"Fire Potion"},{"floor":23.0,"key":"Weak Potion"},{"floor":25.0,"key":"BloodPotion"},{"floor":31,"key":"Regen Potion"}],"is_trial":false,"path_per_floor":["M","$","M","?","?","R","E","M","T","E","?","M","M","E","R","B",null,"M","$","M","M","M","E","R","E","T","?","?","E","M","M","R","B"],"character_chosen":"IRONCLAD","basemod:card_modifiers":[null,null,null,null,null,null,null,null,null,null,null,null,null,null,null,null,null,null,null,null,null,null],"items_purchased":["Power Through","Fire Potion","Offering"],"campfire_rested":1,"item_purchase_floors":[2,2,19],"current_hp_per_floor":[73,73,72,61,38,38,39,50,50,28,16,22,28,32,32,38,70,72,80,79,72,58,42,42,26,26,26,26,34,20,13,40,0],"gold":211,"neow_bonus":"HUNDRED_GOLD","is_prod":false,"is_daily":false,"chose_seed":false,"campfire_upgraded":3,"win_rate":0,"timestamp":1726123002,"path_taken":["M","$","M","?","?","R","E","M","T","E","?","M","M","E","R","BOSS","M","$","M","M","M","E","R","E","T","?","?","E","M","M","R","BOSS"],"build_version":"2022-12-18","purchased_purges":2,"victory":false,"max_hp_per_floor":[75,75,75,75,75,75,75,80,80,80,80,80,80,80,80,80,80,80,80,80,80,80,80,80,80,80,80,80,82,82,84,86,86],"relic_stats":{"Dream Catcher":1,"Singing Bowl":6,"counters":[20,94],"MealTicket":8,"Tiny Chest":0,"PreservedInsect":82,"Omamori":0,"Black Star":3,"Whetstone":["Pommel Strike","Cleave"],"obtain_stats":[{"Singing Bowl":26,"PreservedInsect":23,"Omamori":11,"Whetstone":25,"Burning Blood":0,"Akabeko":7,"Mercury Hourglass":4,"Blood Vial":23,"Du-Vu Doll":25,"Dream Catcher":29,"MealTicket":9,"Tiny Chest":14,"Molten Egg 2":29,"Bag of Marbles":10,"Black Star":17},{"Singing Bowl":16,"PreservedInsect":15,"Omamori":6,"Whetstone":16,"Burning Blood":0,"Akabeko":3,"Mercury Hourglass":2,"Blood Vial":15,"Du-Vu Doll":16,"Dream Catcher":17,"MealTicket":4,"Tiny Chest":9,"Molten Egg 2":17,"Bag of Marbles":5,"Black Star":10},{"Singing Bowl":72,"PreservedInsect":67,"Omamori":25,"Whetstone":72,"Burning Blood":0,"Akabeko":11,"Mercury Hourglass":7,"Blood Vial":67,"Du-Vu Doll":72,"Dream Catcher":73,"MealTicket":13,"Tiny Chest":33,"Molten Egg 2":73,"Bag of Marbles":21,"Black Star":38}],"Burning Blood":114,"Mercury Hourglass":[342]},"card_choices":[{"not_picked":["Sword Boomerang","Rage"],"picked":"Fire Breathing","floor":1.0},{"not_picked":["Spot Weakness","Warcry"],"picked":"Evolve","floor":3.0},{"not_picked":["Disarm","Heavy Blade","Perfected Strike"],"picked":"SKIP","floor":7.0},{"not_picked":["Flex","Warcry"],"picked":"Pommel Strike","floor":8.0},{"not_picked":["Uppercut","Rupture"],"picked":"Second Wind","floor":10.0},{"not_picked":["Clash","Thunderclap"],"picked":"Feel No Pain","floor":12.0},{"not_picked":["Intimidate","Armaments"],"picked":"Battle Trance","floor":13.0},{"not_picked":["Intimidate","Wild Strike","Reckless Charge"],"picked":"SKIP","floor":14.0},{"not_picked":["Inflame","Dual Wield","Iron Wave"],"picked":"SKIP","floor":18.0},{"not_picked":["Perfected Strike","Thunderclap"],"picked":"Cleave","floor":20.0},{"not_picked":["Rupture+1","Sword Boomerang","Clothesline"],"picked":"SKIP","floor":21.0},{"not_picked":["Fire Breathing","Flame Barrier+1"],"picked":"Warcry","floor":22.0},{"not_picked":["Sword Boomerang","Warcry","Clash"],"picked":"SKIP","floor":23.0},{"not_picked":["Armaments","Warcry","Corruption"],"picked":"SKIP","floor":25.0},{"not_picked":["Battle Trance","Heavy Blade+1","True Grit"],"picked":"Singing Bowl","floor":29},{"not_picked":["True Grit","Infernal Blade"],"picked":"Shockwave+1","floor":30},{"not_picked":["Clash+1","Pommel Strike+1","Sword Boomerang+1"],"picked":"Singing Bowl","floor":31},{"not_picked":["Clash+1","Sever Soul+1","Rupture"],"picked":"Singing Bowl","floor":32}],"player_experience":850328,"relics_obtained":[{"floor":7.0,"key":"Akabeko"},{"floor":9.0,"key":"MealTicket"},{"floor":10.0,"key":"Bag of Marbles"},{"floor":11.0,"key":"Omamori"},{"floor":14.0,"key":"Tiny Chest"},{"floor":23.0,"key":"Blood Vial"},{"floor":23.0,"key":"PreservedInsect"},{"floor":25.0,"key":"Whetstone"},{"floor":25.0,"key":"Du-Vu Doll"},{"floor":26.0,"key":"Singing Bowl"},{"floor":29,"key":"Molten Egg 2"},{"floor":29,"key":"Dream Catcher"}],"event_choices":[{"damage_healed":0.0,"max_hp_gain":0.0,"max_hp_loss":0.0,"gold_gain":0.0,"event_name":"Scrap Ooze","player_choice":"Success","floor":4.0,"gold_loss":0.0,"damage_taken":11.0,"relics_obtained":["Mercury Hourglass"]},{"damage_healed":0.0,"max_hp_gain":0.0,"max_hp_loss":0.0,"gold_gain":0.0,"event_name":"Shining Light","player_choice":"Entered Light","floor":5.0,"gold_loss":0.0,"damage_taken":23.0,"cards_upgraded":["Strike_R","Defend_R"]},{"damage_healed":0.0,"max_hp_gain":0.0,"max_hp_loss":0.0,"gold_gain":0.0,"event_name":"Dead Adventurer","player_choice":"Searched \u00271\u0027 times","floor":11.0,"gold_loss":0.0,"damage_taken":0.0},{"damage_healed":0.0,"max_hp_gain":0.0,"max_hp_loss":0.0,"gold_gain":0.0,"event_name":"Cursed Tome","player_choice":"Ignored","floor":27.0,"gold_loss":0.0,"damage_taken":0.0},{"damage_healed":0.0,"max_hp_gain":0.0,"max_hp_loss":0.0,"gold_gain":0.0,"event_name":"Vampires","player_choice":"Became a vampire (Vial)","floor":28.0,"relics_lost":["Blood Vial"],"gold_loss":0.0,"damage_taken":0.0,"cards_obtained":["Bite","Bite","Bite","Bite","Bite"]}],"is_beta":false,"boss_relics":[{"not_picked":["Sozu","Ectoplasm"],"picked":"Black Star"}],"items_purged_floors":[2,19],"is_endless":false,"potions_floor_spawned":[1,8,10,11,12,20,22,23,25,31],"killed_by":"Champ","ascension_level":20}