{"gold_per_floor":[113,38,38,54,64,64,96,96,148,176,176,196,208,226,226,303,303,303,303,228,228,228,228,228,228,228,188,188,188,188,188,188,188],"floor_reached":33,"playtime":836,"items_purged":[],"score":640,"play_id":"ae0b2c13-a5b4-4d81-8b6f-613594c79519","local_time":"20240912235137","is_ascension_mode":true,"campfire_choices":[{"data":"Cleave","floor":6.0,"key":"SMITH"},{"data":"Anger","floor":8.0,"key":"SMITH"},{"floor":11.0,"key":"REST"},{"data":"Uppercut","floor":15.0,"key":"SMITH"},{"floor":23.0,"key":"REST"},{"floor":25,"key":"REST"},{"data":"Disarm","floor":29,"key":"SMITH"},{"data":"Inflame","floor":32,"key":"SMITH"}],"neow_cost":"NONE","seed_source_timestamp":22385733991900,"circlet_count":0,"master_deck":["AscendersBane","Strike_R","Strike_R","Defend_R","Defend_R","Defend_R","Defend_R","Bash","Cleave+1","Anger+1","Sword Boomerang","Rupture","Uppercut+1","Flame Barrier","Feed","Armaments","Immolate","Disarm+1","Inflame+1"],"special_seed":0,"relics":["Burning Blood","NeowsBlessing","Regal Pillow","Smiling Mask","Akabeko","Ectoplasm","Enchiridion","Unceasing Top","Paper Frog","Orichalcum"],"potions_floor_usage":[27],"damage_taken":[{"damage":0.0,"enemies":"Jaw Worm","floor":1.0,"turns":1.0},{"damage":0.0,"enemies":"Cultist","floor":4.0,"turns":1.0},{"damage":0.0,"enemies":"Small Slimes","floor":5.0,"turns":1.0},{"damage":39.0,"enemies":"Lagavulin","floor":7.0,"turns":8.0},{"damage":35.0,"enemies":"3 Sentries","floor":10.0,"turns":8.0},{"damage":8.0,"enemies":"Red Slaver","floor":12.0,"turns":3.0},{"damage":5.0,"enemies":"Exordium Thugs","floor":13.0,"turns":3.0},{"damage":8.0,"enemies":"Large Slime","floor":14.0,"turns":5.0},{"damage":27.0,"enemies":"Slime Boss","floor":16.0,"turns":6.0},{"damage":19.0,"enemies":"Spheric Guardian","floor":18.0,"turns":4.0},{"damage":19.0,"enemies":"3 Byrds","floor":19.0,"turns":4.0},{"damage":51,"enemies":"Slavers","floor":24,"turns":5},{"damage":0,"enemies":"Gremlin Leader","floor":28,"turns":5},{"damage":27,"enemies":"Snake Plant","floor":30,"turns":3},{"damage":15,"enemies":"Chosen and Byrds","floor":31,"turns":5},{"damage":49,"enemies":"Champ","floor":33,"turns":10}],"seed_played":"8943696946225191342","potions_obtained":[{"floor":5.0,"key":"LiquidBronze"},{"floor":12.0,"key":"GamblersBrew"},{"floor":13.0,"key":"GamblersBrew"},{"floor":16.0,"key":"DistilledChaos"},{"floor":24,"key":"SmokeBomb"},{"floor":27,"key":"BloodPotion"},{"floor":27,"key":"LiquidBronze"},{"floor":27,"key":"Energy Potion"},{"floor":31,"key":"Fire Potion"}],"is_trial":false,"path_per_floor":["M","?","?","M","M","R","E","R","T","E","R","M","M","M","R","B",null,"M","M","?","?","?","R","E","R","T","?","E","R","M","M","R","B"],"character_chosen":"IRONCLAD","basemod:card_modifiers":[null,null,null,null,null,null,null,null,null,null,null,null,null,null,null,null,null,null,null],"items_purchased":[],"campfire_rested":3,"item_purchase_floors":[],"current_hp_per_floor":[74,74,74,75,75,75,42,42,42,13,50,48,49,47,47,26,63,50,37,37,16,16,53,11,49,49,64,70,70,49,43,43,0],"gold":188,"neow_bonus":"THREE_ENEMY_KILL","is_prod":false,"is_daily":false,"chose_seed":false,"campfire_upgraded":5,"win_rate":0,"timestamp":1726152697,"path_taken":["M","?","?","M","?","R","E","R","T","E","R","M","M","M","R","BOSS","M","M","?","?","?","R","E","R","T","?","E","R","?","M","R","BOSS"],"build_version":"2022-12-18","purchased_purges":0,"victory":false,"max_hp_per_floor":[75,75,75,75,75,75,75,75,75,75,75,75,75,75,75,75,75,75,75,75,75,75,75,78,78,78,78,78,78,78,81,81,81],"relic_stats":{"Regal Pillow":45,"counters":[16,72],"Ectoplasm":118,"Orichalcum":[36],"Smiling Mask":0,"obtain_stats":[{"Regal Pillow":7,"NeowsBlessing":0,"Enchiridion":21,"Ectoplasm":17,"Orichalcum":28,"Smiling Mask":9,"Burning Blood":0,"Akabeko":10,"Unceasing Top":24,"Paper Frog":26},{"Regal Pillow":4,"NeowsBlessing":0,"Enchiridion":11,"Ectoplasm":9,"Orichalcum":13,"Smiling Mask":4,"Burning Blood":0,"Akabeko":5,"Unceasing Top":12,"Paper Frog":12},{"Regal Pillow":11,"NeowsBlessing":0,"Enchiridion":44,"Ectoplasm":36,"Orichalcum":54,"Smiling Mask":11,"Burning Blood":0,"Akabeko":19,"Unceasing Top":49,"Paper Frog":49}],"Burning Blood":79,"Unceasing Top":[1]},"card_choices":[{"not_picked":["Battle Trance","Perfected Strike"],"picked":"Cleave","floor":1.0},{"not_picked":["Whirlwind","Rupture"],"picked":"Anger","floor":4.0},{"not_picked":["Disarm","True Grit"],"picked":"Sword Boomerang","floor":5.0},{"not_picked":["Anger","Body Slam","Burning Pact"],"picked":"SKIP","floor":7.0},{"not_picked":["Iron Wave","Clothesline"],"picked":"Rupture","floor":10.0},{"not_picked":["Anger","Flame Barrier"],"picked":"Uppercut","floor":12.0},{"not_picked":["Body Slam","Searing Blow"],"picked":"Flame Barrier","floor":13.0},{"not_picked":["Thunderclap","Cleave","Rupture"],"picked":"SKIP","floor":14.0},{"not_picked":["Demon Form","Bludgeon"],"picked":"Feed","floor":16.0},{"not_picked":["Blood for Blood+1","Warcry"],"picked":"Armaments","floor":18.0},{"not_picked":["Clash","Warcry","Flex"],"picked":"SKIP","floor":19.0},{"not_picked":["Reckless Charge","Pummel"],"picked":"Immolate","floor":24},{"not_picked":["Power Through","True Grit"],"picked":"Disarm","floor":28},{"not_picked":["Anger+1","Thunderclap","Warcry"],"picked":"SKIP","floor":30},{"not_picked":["Feel No Pain","Wild Strike"],"picked":"Inflame","floor":31}],"player_experience":851221,"relics_obtained":[{"floor":7.0,"key":"Regal Pillow"},{"floor":9.0,"key":"Smiling Mask"},{"floor":10.0,"key":"Akabeko"},{"floor":21.0,"key":"Enchiridion"},{"floor":24,"key":"Unceasing Top"},{"floor":26,"key":"Paper Frog"},{"floor":28,"key":"Orichalcum"}],"event_choices":[{"cards_removed":["Strike_R"],"damage_healed":0.0,"max_hp_gain":0.0,"max_hp_loss":0.0,"gold_gain":0.0,"event_name":"The Cleric","player_choice":"Card Removal","floor":2.0,"gold_loss":75.0,"damage_taken":0.0},{"cards_removed":["Strike_R"],"damage_healed":0.0,"max_hp_gain":0.0,"max_hp_loss":0.0,"gold_gain":0.0,"event_name":"Bonfire Elementals","player_choice":"Offered Basic","floor":3.0,"gold_loss":0.0,"damage_taken":0.0},{"cards_removed":["Strike_R"],"damage_healed":0.0,"max_hp_gain":0.0,"max_hp_loss":0.0,"gold_gain":0.0,"event_name":"Beggar","player_choice":"Gave Gold","floor":20.0,"gold_loss":75.0,"damage_taken":0.0},{"damage_healed":0.0,"max_hp_gain":0.0,"max_hp_loss":0.0,"gold_gain":0.0,"event_name":"Cursed Tome","player_choice":"Obtained Book","floor":21.0,"gold_loss":0.0,"damage_taken":21.0},{"damage_healed":0.0,"max_hp_gain":0.0,"max_hp_loss":0.0,"gold_gain":0.0,"event_name":"The Mausoleum","player_choice":"Ignored","floor":22.0,"gold_loss":0.0,"damage_taken":0.0},{"damage_healed":0,"gold_gain":0,"player_choice":"Bought 3 Potions","damage_taken":0,"max_hp_gain":0,"max_hp_loss":0,"event_name":"The Woman in Blue","floor":27,"gold_loss":0}],"is_beta":false,"boss_relics":[{"not_picked":["Sozu","Runic Dome"],"picked":"Ectoplasm"}],"items_purged_floors":[],"is_endless":false,"potions_floor_spawned":[5,12,13,16,24,28,31],"killed_by":"Champ","ascension_level":20}