{"gold_per_floor":[109,119,130,18,18,18,47,66,141,158,172,184,184,184,184,255,255,265,278,193,213,228,228,262,262,286,286,313,324,352,371,371,443,443,463,488,122,122,122,150,179,191,203,235,247],"floor_reached":45,"playtime":1206,"items_purged":["Strike_R","Strike_R"],"score":1064,"play_id":"d533b674-64d6-4e43-b111-e732fa2fbef2","local_time":"20240928010925","is_ascension_mode":true,"campfire_choices":[{"data":"Sword Boomerang","floor":6.0,"key":"SMITH"},{"data":"Inflame","floor":13.0,"key":"SMITH"},{"floor":15.0,"key":"REST"},{"floor":23.0,"key":"REST"},{"floor":27.0,"key":"REST"},{"floor":32.0,"key":"REST"}],"neow_cost":"PERCENT_DAMAGE","seed_source_timestamp":14155911353600,"circlet_count":0,"master_deck":["AscendersBane","Strike_R","Defend_R","Defend_R","Defend_R","Bash+1","Inflame+1","Twin Strike+1","Sword Boomerang+1","Battle Trance","Pummel","Seeing Red","Offering","Impervious","Armaments+1","Power Through","Limit Break","Shockwave","Feel No Pain","True Grit","Burning Pact+1","Shrug It Off"],"special_seed":0,"relics":["Burning Blood","Charon\u0027s Ashes","SacredBark","Art of War","Whetstone","Enchiridion","Blood Vial","Centennial Puzzle","Lizard Tail","Philosopher\u0027s Stone","Pocketwatch","Bag of Preparation","MawBank","InkBottle","Gremlin Horn"],"potions_floor_usage":[],"damage_taken":[{"damage":1.0,"enemies":"Cultist","floor":1.0,"turns":3.0},{"damage":9.0,"enemies":"Jaw Worm","floor":2.0,"turns":6.0},{"damage":1.0,"enemies":"2 Louse","floor":3.0,"turns":4.0},{"damage":8.0,"enemies":"Gremlin Nob","floor":7.0,"turns":3.0},{"damage":9.0,"enemies":"Blue Slaver","floor":8.0,"turns":5.0},{"damage":23.0,"enemies":"Exordium Thugs","floor":10.0,"turns":5.0},{"damage":8.0,"enemies":"Large Slime","floor":11.0,"turns":3.0},{"damage":6.0,"enemies":"3 Louse","floor":12.0,"turns":2.0},{"damage":7.0,"enemies":"Slime Boss","floor":16.0,"turns":6.0},{"damage":28.0,"enemies":"Shell Parasite","floor":18.0,"turns":3.0},{"damage":12.0,"enemies":"Spheric Guardian","floor":19.0,"turns":3.0},{"damage":6.0,"enemies":"3 Cultists","floor":21.0,"turns":2.0},{"damage":24.0,"enemies":"Centurion and Healer","floor":22.0,"turns":6.0},{"damage":6.0,"enemies":"Gremlin Leader","floor":24.0,"turns":4.0},{"damage":22.0,"enemies":"Book of Stabbing","floor":28.0,"turns":4.0},{"damage":6.0,"enemies":"Snake Plant","floor":29.0,"turns":1.0},{"damage":8.0,"enemies":"Gremlin Leader","floor":30.0,"turns":3.0},{"damage":8.0,"enemies":"Chosen and Byrds","floor":31.0,"turns":3.0},{"damage":55.0,"enemies":"Collector","floor":33.0,"turns":8.0},{"damage":12.0,"enemies":"3 Shapes","floor":35.0,"turns":5.0},{"damage":6.0,"enemies":"Mind Bloom Boss Battle","floor":36.0,"turns":6.0},{"damage":79,"enemies":"Reptomancer","floor":40,"turns":7},{"damage":3,"enemies":"Orb Walker","floor":41,"turns":4},{"damage":31,"enemies":"Maw","floor":44,"turns":7},{"damage":0,"enemies":"Jaw Worm Horde","floor":45,"turns":1}],"seed_played":"-2011548503566613297","potions_obtained":[{"floor":1.0,"key":"GamblersBrew"},{"floor":2.0,"key":"SkillPotion"},{"floor":10.0,"key":"Dexterity Potion"},{"floor":18.0,"key":"Fruit Juice"},{"floor":19.0,"key":"BlessingOfTheForge"},{"floor":28.0,"key":"AttackPotion"},{"floor":29.0,"key":"Dexterity Potion"},{"floor":30.0,"key":"Energy Potion"}],"is_trial":false,"path_per_floor":["M","M","M","$","$","R","E","M","T","M","M","M","R","?","R","B",null,"M","M","?","M","M","R","E","?","T","R","E","M","E","M","R","B",null,"M","?","$","?","?","E","M","T","T","M","M"],"character_chosen":"IRONCLAD","basemod:card_modifiers":[null,null,null,null,null,null,null,null,null,null,null,null,null,null,null,null,null,null,null,null,null,null],"items_purchased":["Whirlwind","Feel No Pain","Bag of Preparation","True Grit"],"campfire_rested":4,"item_purchase_floors":[4,37,37,37],"current_hp_per_floor":[55,52,57,57,57,57,55,52,52,35,33,33,33,26,48,47,68,46,50,50,50,32,57,57,36,36,61,47,49,49,49,74,27,71,67,69,69,69,69,46,51,51,51,28,30],"gold":247,"neow_bonus":"REMOVE_TWO","is_prod":false,"is_daily":false,"chose_seed":false,"campfire_upgraded":2,"win_rate":0,"timestamp":1727453365,"path_taken":["M","M","M","?","$","R","E","M","T","M","M","M","R","?","R","BOSS","M","M","?","M","M","R","E","?","T","R","E","M","E","M","R","BOSS","M","?","$","?","?","E","M","?","T","M","M"],"build_version":"2022-12-18","purchased_purges":2,"victory":false,"max_hp_per_floor":[75,75,75,75,75,75,75,75,75,75,75,75,75,75,75,75,75,75,85,85,85,85,85,85,85,85,85,85,85,85,85,85,85,85,85,85,85,85,81,81,81,81,81,81,81],"relic_stats":{"Gremlin Horn":[0,0],"counters":[25,104],"Charon\u0027s Ashes":[376],"Bag of Preparation":[8],"Whetstone":["Twin Strike","Bash"],"MawBank":60,"Burning Blood":144,"Blood Vial":22,"Centennial Puzzle":[27],"Lizard Tail":40,"Art of War":[6],"obtain_stats":[{"Gremlin Horn":43,"SacredBark":17,"Enchiridion":25,"Charon\u0027s Ashes":7,"Bag of Preparation":37,"Whetstone":24,"MawBank":40,"Burning Blood":0,"Blood Vial":26,"Centennial Puzzle":28,"Lizard Tail":30,"Philosopher\u0027s Stone":34,"Art of War":20,"InkBottle":42,"Pocketwatch":36},{"Gremlin Horn":23,"SacredBark":9,"Enchiridion":14,"Charon\u0027s Ashes":4,"Bag of Preparation":21,"Whetstone":14,"MawBank":22,"Burning Blood":0,"Blood Vial":14,"Centennial Puzzle":15,"Lizard Tail":17,"Philosopher\u0027s Stone":19,"Art of War":11,"InkBottle":23,"Pocketwatch":21},{"Gremlin Horn":96,"SacredBark":37,"Enchiridion":55,"Charon\u0027s Ashes":16,"Bag of Preparation":85,"Whetstone":55,"MawBank":92,"Burning Blood":0,"Blood Vial":55,"Centennial Puzzle":59,"Lizard Tail":63,"Philosopher\u0027s Stone":74,"Art of War":43,"InkBottle":96,"Pocketwatch":85}],"InkBottle":[3],"Pocketwatch":[23]},"card_choices":[{"not_picked":["Intimidate","Ghostly Armor"],"picked":"Inflame","floor":1.0},{"not_picked":["Shrug It Off","Iron Wave"],"picked":"Twin Strike","floor":2.0},{"not_picked":["Shockwave","Cleave"],"picked":"Sword Boomerang","floor":3.0},{"not_picked":["Armaments","Burning Pact"],"picked":"Battle Trance","floor":7.0},{"not_picked":["Sword Boomerang","Carnage"],"picked":"Pummel","floor":8.0},{"not_picked":["Warcry","Rage","True Grit"],"picked":"SKIP","floor":10.0},{"not_picked":["Clothesline","Metallicize","Fire Breathing"],"picked":"SKIP","floor":11.0},{"not_picked":["Pommel Strike","Twin Strike"],"picked":"Seeing Red","floor":12.0},{"not_picked":["Exhume","Bludgeon"],"picked":"Offering","floor":16.0},{"not_picked":["Warcry","Perfected Strike+1","Anger"],"picked":"SKIP","floor":18.0},{"not_picked":["Battle Trance","Inflame+1","Sword Boomerang"],"picked":"SKIP","floor":19.0},{"not_picked":["Cleave","Dropkick","Sever Soul"],"picked":"SKIP","floor":21.0},{"not_picked":["Cleave","Flex","Heavy Blade"],"picked":"SKIP","floor":22.0},{"not_picked":["Thunderclap","Flex"],"picked":"Impervious","floor":24.0},{"not_picked":["True Grit","Warcry","Twin Strike"],"picked":"SKIP","floor":28.0},{"not_picked":["Heavy Blade","Thunderclap","Dropkick"],"picked":"SKIP","floor":29.0},{"not_picked":["Whirlwind","Flex"],"picked":"Armaments+1","floor":30.0},{"not_picked":["Clothesline","Iron Wave"],"picked":"Power Through","floor":31.0},{"not_picked":["Feed","Bludgeon"],"picked":"Limit Break","floor":33.0},{"not_picked":["Headbutt","Body Slam"],"picked":"Shockwave","floor":35.0},{"not_picked":["Disarm","Flex"],"picked":"Burning Pact+1","floor":40},{"not_picked":["Iron Wave","Dual Wield+1"],"picked":"Shrug It Off","floor":41},{"not_picked":["Perfected Strike","Flex+1","Anger"],"picked":"SKIP","floor":44}],"player_experience":863522,"relics_obtained":[{"floor":7.0,"key":"Charon\u0027s Ashes"},{"floor":24.0,"key":"Whetstone"},{"floor":25.0,"key":"Enchiridion"},{"floor":26.0,"key":"Blood Vial"},{"floor":28.0,"key":"Centennial Puzzle"},{"floor":30.0,"key":"Lizard Tail"},{"floor":36.0,"key":"Pocketwatch"},{"floor":40,"key":"MawBank"},{"floor":42,"key":"InkBottle"},{"floor":43,"key":"Gremlin Horn"}],"event_choices":[{"cards_removed":["Strike_R"],"damage_healed":0.0,"max_hp_gain":0.0,"max_hp_loss":0.0,"gold_gain":0.0,"event_name":"Golden Wing","player_choice":"Card Removal","floor":14.0,"gold_loss":0.0,"damage_taken":7.0},{"damage_healed":0.0,"max_hp_gain":0.0,"max_hp_loss":0.0,"gold_gain":0.0,"event_name":"Addict","player_choice":"Obtained Relic","floor":20.0,"gold_loss":85.0,"damage_taken":0.0,"relics_obtained":["Art of War"]},{"damage_healed":0.0,"max_hp_gain":0.0,"max_hp_loss":0.0,"gold_gain":0.0,"event_name":"Cursed Tome","player_choice":"Obtained Book","floor":25.0,"gold_loss":0.0,"damage_taken":21.0},{"damage_healed":0.0,"max_hp_gain":0.0,"max_hp_loss":0.0,"gold_gain":0.0,"event_name":"MindBloom","player_choice":"Fight","floor":36.0,"gold_loss":0.0,"damage_taken":0.0},{"cards_removed":["Whirlwind"],"damage_healed":0.0,"max_hp_gain":0.0,"max_hp_loss":0.0,"gold_gain":0.0,"event_name":"Falling","player_choice":"Removed Attack","floor":38.0,"gold_loss":0.0,"damage_taken":0.0},{"damage_healed":0.0,"max_hp_gain":0.0,"max_hp_loss":4.0,"gold_gain":0.0,"event_name":"Winding Halls","player_choice":"Max HP","floor":39.0,"gold_loss":0.0,"damage_taken":0.0}],"is_beta":false,"boss_relics":[{"not_picked":["Snecko Eye","Ectoplasm"],"picked":"SacredBark"},{"not_picked":["Mark of Pain","Coffee Dripper"],"picked":"Philosopher\u0027s Stone"}],"items_purged_floors":[4,37],"is_endless":false,"potions_floor_spawned":[1,2,10,11,12,18,19,28,29,30],"killed_by":"Jaw Worm Horde","ascension_level":20}