{"gold_per_floor":[119,137,154,173,189,189,219,219,219,234,234,309,155,185,185,256,256,276,276,253,39,39,39,39,39],"floor_reached":25,"playtime":591,"items_purged":["Strike_R","Strike_R"],"score":422,"play_id":"9fdd47a4-6e4a-46e4-ae4c-87d225bf748b","local_time":"20240925040720","is_ascension_mode":true,"campfire_choices":[{"data":"Bludgeon","floor":6,"key":"SMITH"},{"data":"Bash","floor":8,"key":"SMITH"},{"floor":15,"key":"REST"},{"data":"Barricade","floor":23,"key":"SMITH"}],"neow_cost":"PERCENT_DAMAGE","seed_source_timestamp":40516737212300,"circlet_count":0,"master_deck":["AscendersBane","Strike_R","Defend_R","Defend_R","Defend_R","Defend_R","Bash+1","Ghostly Armor","Clash","Bludgeon+1","Cleave","Barricade+1"],"relics":["Burning Blood","Thread and Needle","Eternal Feather","Matryoshka","Happy Flower","Coffee Dripper","Membership Card"],"potions_floor_usage":[10,14,25],"damage_taken":[{"damage":0,"enemies":"2 Louse","floor":1,"turns":3},{"damage":13,"enemies":"Jaw Worm","floor":2,"turns":7},{"damage":7,"enemies":"Cultist","floor":3,"turns":5},{"damage":0,"enemies":"3 Louse","floor":4,"turns":5},{"damage":0,"enemies":"Exordium Wildlife","floor":5,"turns":3},{"damage":25,"enemies":"3 Sentries","floor":7,"turns":8},{"damage":5,"enemies":"Lots of Slimes","floor":10,"turns":5},{"damage":25,"enemies":"Gremlin Nob","floor":14,"turns":4},{"damage":34,"enemies":"Slime Boss","floor":16,"turns":6},{"damage":8,"enemies":"Chosen","floor":18,"turns":3},{"damage":7,"enemies":"2 Thieves","floor":20,"turns":4},{"damage":72,"enemies":"Book of Stabbing","floor":25,"turns":5}],"seed_played":"2125733028966765068","potions_obtained":[{"floor":3,"key":"SpeedPotion"},{"floor":5,"key":"LiquidBronze"},{"floor":14,"key":"SteroidPotion"}],"is_trial":false,"path_per_floor":["M","M","M","M","M","R","E","R","T","M","?","?","$","E","R","B",null,"M","?","M","$","?","R","$","E"],"character_chosen":"IRONCLAD","basemod:card_modifiers":[null,null,null,null,null,null,null,null,null,null,null,null],"items_purchased":["Regen Potion","Membership Card"],"campfire_rested":1,"item_purchase_floors":[13,21],"current_hp_per_floor":[56,49,48,54,60,60,41,47,47,48,48,37,37,30,58,30,64,62,62,61,61,61,67,67,0],"gold":39,"neow_bonus":"ONE_RARE_RELIC","is_prod":false,"is_daily":false,"chose_seed":false,"campfire_upgraded":3,"win_rate":0,"timestamp":1727204840,"path_taken":["M","M","M","M","M","R","E","R","T","M","?","?","$","E","R","BOSS","M","?","?","$","?","R","$","E"],"build_version":"2022-12-18","purchased_purges":2,"victory":false,"max_hp_per_floor":[75,75,75,75,75,75,75,75,75,75,75,75,75,75,75,75,75,75,75,75,75,75,75,75,75],"relic_stats":{"Matryoshka":0,"Happy Flower":[6],"counters":[12,58],"Eternal Feather":18,"Membership Card":50,"obtain_stats":[{"Matryoshka":9,"Happy Flower":14,"Thread and Needle":0,"Eternal Feather":7,"Coffee Dripper":17,"Membership Card":21,"Burning Blood":0},{"Matryoshka":6,"Happy Flower":8,"Thread and Needle":0,"Eternal Feather":6,"Coffee Dripper":9,"Membership Card":11,"Burning Blood":0},{"Matryoshka":31,"Happy Flower":40,"Thread and Needle":0,"Eternal Feather":31,"Coffee Dripper":46,"Membership Card":53,"Burning Blood":0}],"Burning Blood":66},"card_choices":[{"not_picked":["Havoc","Metallicize"],"picked":"Ghostly Armor","floor":1},{"not_picked":["Warcry","Twin Strike","Armaments"],"picked":"SKIP","floor":2},{"not_picked":["Flex","Sentinel"],"picked":"Clash","floor":3},{"not_picked":["Heavy Blade","Iron Wave","Entrench"],"picked":"SKIP","floor":4},{"not_picked":["True Grit","Clash"],"picked":"Bludgeon","floor":5},{"not_picked":["Twin Strike","Perfected Strike","Warcry"],"picked":"SKIP","floor":7},{"not_picked":["Pommel Strike","Pummel"],"picked":"Cleave","floor":10},{"not_picked":["Flex","Blood for Blood","Havoc"],"picked":"SKIP","floor":14},{"not_picked":["Exhume","Berserk"],"picked":"Barricade","floor":16},{"not_picked":["Pommel Strike","Feel No Pain","Sever Soul"],"picked":"SKIP","floor":18},{"not_picked":["Ghostly Armor","Feel No Pain","Heavy Blade"],"picked":"SKIP","floor":20}],"player_experience":859427,"relics_obtained":[{"floor":7,"key":"Eternal Feather"},{"floor":9,"key":"Matryoshka"},{"floor":14,"key":"Happy Flower"}],"event_choices":[{"cards_removed":["Strike_R"],"damage_healed":0,"gold_gain":0,"player_choice":"Forget","damage_taken":0,"max_hp_gain":0,"max_hp_loss":0,"event_name":"Living Wall","floor":11,"gold_loss":0},{"damage_healed":0,"gold_gain":75,"player_choice":"Gather Gold","damage_taken":11,"max_hp_gain":0,"max_hp_loss":0,"event_name":"World of Goop","floor":12,"gold_loss":0},{"cards_removed":["Strike_R"],"damage_healed":0,"gold_gain":0,"player_choice":"Offered Basic","damage_taken":0,"max_hp_gain":0,"max_hp_loss":0,"event_name":"Bonfire Elementals","floor":19,"gold_loss":0},{"damage_healed":0,"gold_gain":0,"player_choice":"Ignored","damage_taken":0,"max_hp_gain":0,"max_hp_loss":0,"event_name":"Vampires","floor":22,"gold_loss":0}],"is_beta":false,"boss_relics":[{"not_picked":["Ectoplasm","Black Star"],"picked":"Coffee Dripper"}],"items_purged_floors":[13,21],"is_endless":false,"potions_floor_spawned":[3,5,14],"killed_by":"Book of Stabbing","ascension_level":20}