{"gold_per_floor":[111,111,111,121,131,131,161,180,180,180,180,200,225,246,246,342,342,355,405,405],"floor_reached":20,"playtime":373,"items_purged":[],"score":352,"play_id":"5d8fe64d-7ccd-407b-91b5-42a1f8a7a212","local_time":"20240925050041","is_ascension_mode":true,"campfire_choices":[{"data":"Carnage","floor":6,"key":"SMITH"},{"data":"Bash","floor":15,"key":"SMITH"}],"neow_cost":"NONE","seed_source_timestamp":43935928163800,"circlet_count":0,"master_deck":["AscendersBane","Strike_R","Strike_R","Strike_R+1","Strike_R","Strike_R","Defend_R+1","Defend_R","Defend_R","Defend_R","Bash+1","Evolve","Carnage+1","Wild Strike","Offering","Sentinel"],"relics":["Burning Blood","NeowsBlessing","Mercury Hourglass","Art of War","Singing Bowl","Golden Idol","Runic Cube"],"potions_floor_usage":[7,16,16],"damage_taken":[{"damage":0,"enemies":"Small Slimes","floor":1,"turns":1},{"damage":0,"enemies":"Jaw Worm","floor":4,"turns":1},{"damage":0,"enemies":"2 Louse","floor":5,"turns":1},{"damage":15,"enemies":"3 Sentries","floor":7,"turns":5},{"damage":24,"enemies":"Exordium Thugs","floor":8,"turns":5},{"damage":0,"enemies":"Large Slime","floor":12,"turns":2},{"damage":7,"enemies":"3 Louse","floor":13,"turns":3},{"damage":27,"enemies":"Red Slaver","floor":14,"turns":5},{"damage":36,"enemies":"Hexaghost","floor":16,"turns":8},{"damage":33,"enemies":"Spheric Guardian","floor":18,"turns":4},{"damage":38,"enemies":"3 Byrds","floor":20,"turns":4}],"seed_played":"6789088057063264575","potions_obtained":[{"floor":1,"key":"AttackPotion"},{"floor":4,"key":"Ancient Potion"},{"floor":5,"key":"Fruit Juice"},{"floor":13,"key":"Regen Potion"},{"floor":18,"key":"BlessingOfTheForge"}],"is_trial":false,"path_per_floor":["M","?","T","M","M","R","E","M","T","?","?","M","M","M","R","B",null,"M","?","M"],"character_chosen":"IRONCLAD","basemod:card_modifiers":[null,null,null,null,null,null,null,null,null,null,null,null,null,null,null,null],"items_purchased":[],"campfire_rested":0,"item_purchase_floors":[],"current_hp_per_floor":[74,79,79,80,80,80,71,53,53,53,31,37,38,19,19,11,65,38,38,0],"gold":405,"neow_bonus":"THREE_ENEMY_KILL","is_prod":false,"is_daily":false,"chose_seed":false,"campfire_upgraded":2,"win_rate":0,"timestamp":1727208041,"path_taken":["M","?","?","?","M","R","E","M","T","?","?","M","M","M","R","BOSS","M","?","M"],"build_version":"2022-12-18","purchased_purges":0,"victory":false,"max_hp_per_floor":[75,80,80,80,80,80,80,80,80,72,72,72,74,76,76,83,83,83,83,83],"relic_stats":{"Singing Bowl":6,"counters":[11,39],"Golden Idol":35,"Art of War":[4],"obtain_stats":[{"NeowsBlessing":0,"Singing Bowl":9,"Golden Idol":10,"Art of War":7,"Burning Blood":0,"Mercury Hourglass":3,"Runic Cube":17},{"NeowsBlessing":0,"Singing Bowl":5,"Golden Idol":5,"Art of War":4,"Burning Blood":0,"Mercury Hourglass":1,"Runic Cube":9},{"NeowsBlessing":0,"Singing Bowl":13,"Golden Idol":13,"Art of War":8,"Burning Blood":0,"Mercury Hourglass":1,"Runic Cube":31}],"Burning Blood":49,"Mercury Hourglass":[156],"Runic Cube":[19]},"card_choices":[{"not_picked":["Flex","Warcry"],"picked":"Evolve","floor":1},{"not_picked":["Headbutt","Battle Trance"],"picked":"Carnage","floor":4},{"not_picked":["Armaments","Hemokinesis"],"picked":"Wild Strike","floor":5},{"not_picked":["Wild Strike","Havoc","Rupture"],"picked":"SKIP","floor":7},{"not_picked":["Uppercut","True Grit","Clash"],"picked":"SKIP","floor":8},{"not_picked":["Heavy Blade","Second Wind"],"picked":"Offering","floor":12},{"not_picked":["Flex","Sword Boomerang","Seeing Red"],"picked":"Singing Bowl","floor":13},{"not_picked":["True Grit","Thunderclap","Cleave"],"picked":"Singing Bowl","floor":14},{"not_picked":["Double Tap","Fiend Fire","Reaper"],"picked":"Singing Bowl","floor":16},{"not_picked":["Sever Soul","Dual Wield"],"picked":"Sentinel","floor":18}],"player_experience":862766,"relics_obtained":[{"floor":3,"key":"Mercury Hourglass"},{"floor":7,"key":"Art of War"},{"floor":9,"key":"Singing Bowl"}],"event_choices":[{"damage_healed":0,"gold_gain":0,"player_choice":"Donut","damage_taken":0,"max_hp_gain":5,"max_hp_loss":0,"event_name":"Big Fish","floor":2,"gold_loss":0},{"damage_healed":0,"gold_gain":0,"player_choice":"Lose Max HP","damage_taken":0,"relics_obtained":["Golden Idol"],"max_hp_gain":0,"max_hp_loss":8,"event_name":"Golden Idol","floor":10,"gold_loss":0},{"damage_healed":0,"gold_gain":0,"player_choice":"Entered Light","damage_taken":22,"max_hp_gain":0,"max_hp_loss":0,"event_name":"Shining Light","floor":11,"gold_loss":0,"cards_upgraded":["Strike_R","Defend_R"]},{"damage_healed":0,"gold_gain":50,"player_choice":"Stole From Cult","damage_taken":0,"max_hp_gain":0,"max_hp_loss":0,"event_name":"Nest","floor":19,"gold_loss":0}],"is_beta":false,"boss_relics":[{"not_picked":["SacredBark","Tiny House"],"picked":"Runic Cube"}],"items_purged_floors":[],"is_endless":false,"potions_floor_spawned":[1,4,5,13,18],"killed_by":"3 Byrds","ascension_level":20}