{"gold_per_floor":[215,290,215,215,140,140,154,165,165,215,215,45,76,91,91,165,165,178,178,192,205,205,233,233,158,203,20,20,32,32,67,67,145,145,155,155,168,168,32,67,67,93,93,93,108,135,153,166,166,166,166,166,166,57,92,92],"floor_reached":57,"playtime":1916,"items_purged":["Strike_R","Bash"],"score":2942,"play_id":"077e7c8d-8366-46f8-b647-365e2f0b8379","local_time":"20241102010559","is_ascension_mode":true,"campfire_choices":[{"data":"Heavy Blade","floor":6.0,"key":"SMITH"},{"data":"Fire Breathing","floor":11.0,"key":"SMITH"},{"data":"Evolve","floor":15.0,"key":"SMITH"},{"data":"Dark Embrace","floor":24.0,"key":"SMITH"},{"floor":28.0,"key":"REST"},{"data":"Apotheosis","floor":32.0,"key":"SMITH"},{"floor":41.0,"key":"REST"},{"floor":44.0,"key":"RECALL"},{"floor":49.0,"key":"REST"},{"floor":53.0,"key":"REST"}],"neow_cost":"NONE","seed_source_timestamp":4139525946500,"circlet_count":0,"master_deck":["AscendersBane","Fire Breathing+1","Evolve+1","Power Through","Second Wind","Feed","Rupture","Impervious","Immolate","Dual Wield","Burning Pact","Dark Embrace+1","Apotheosis+1","Shockwave","Blood for Blood","Sentinel","Body Slam","Seeing Red"],"special_seed":0,"relics":["Burning Blood","InkBottle","Omamori","Singing Bowl","Pandora\u0027s Box","Pen Nib","Blood Vial","Ornamental Fan","Philosopher\u0027s Stone","Letter Opener","Bag of Marbles","Pear","Blue Candle"],"potions_floor_usage":[56,56],"damage_taken":[{"damage":12.0,"enemies":"Small Slimes","floor":1.0,"turns":3.0},{"damage":4.0,"enemies":"2 Louse","floor":7.0,"turns":4.0},{"damage":16.0,"enemies":"Jaw Worm","floor":8.0,"turns":8.0},{"damage":10.0,"enemies":"3 Sentries","floor":13.0,"turns":3.0},{"damage":13.0,"enemies":"2 Fungi Beasts","floor":14.0,"turns":5.0},{"damage":0.0,"enemies":"Hexaghost","floor":16.0,"turns":9.0},{"damage":15.0,"enemies":"Shell Parasite","floor":18.0,"turns":8.0},{"damage":22.0,"enemies":"Spheric Guardian","floor":20.0,"turns":7.0},{"damage":28.0,"enemies":"Snake Plant","floor":21.0,"turns":6.0},{"damage":12.0,"enemies":"Gremlin Leader","floor":23.0,"turns":7.0},{"damage":10.0,"enemies":"Sentry and Sphere","floor":29.0,"turns":20.0},{"damage":29.0,"enemies":"Slavers","floor":31.0,"turns":4.0},{"damage":20.0,"enemies":"Collector","floor":33.0,"turns":10.0},{"damage":28.0,"enemies":"3 Darklings","floor":35.0,"turns":6.0},{"damage":6.0,"enemies":"Orb Walker","floor":37.0,"turns":4.0},{"damage":50.0,"enemies":"Nemesis","floor":40.0,"turns":7.0},{"damage":27.0,"enemies":"Jaw Worm Horde","floor":45.0,"turns":4.0},{"damage":37.0,"enemies":"Giant Head","floor":46.0,"turns":10.0},{"damage":0.0,"enemies":"Spire Growth","floor":47.0,"turns":6.0},{"damage":11.0,"enemies":"Maw","floor":48.0,"turns":6.0},{"damage":38.0,"enemies":"Donu and Deca","floor":50.0,"turns":5.0},{"damage":45.0,"enemies":"Time Eater","floor":51.0,"turns":9.0},{"damage":74.0,"enemies":"Shield and Spear","floor":55.0,"turns":4.0},{"damage":69,"enemies":"The Heart","floor":56,"turns":8}],"seed_played":"2178410661340289068","potions_obtained":[{"floor":7.0,"key":"BloodPotion"},{"floor":8.0,"key":"DistilledChaos"},{"floor":16.0,"key":"BlessingOfTheForge"},{"floor":18.0,"key":"Swift Potion"},{"floor":23.0,"key":"SpeedPotion"},{"floor":37.0,"key":"LiquidBronze"},{"floor":47.0,"key":"Weak Potion"}],"is_trial":false,"path_per_floor":["M","?","?","?","$","R","M","M","T","T","R","$","E","M","R","B",null,"M","?","M","M","?","E","R","?","T","$","R","M","$","E","R","B",null,"M","?","M","?","$","E","R","T","T","R","M","E","M","M","R","B","B",null,"R","$","E","B",null],"character_chosen":"IRONCLAD","basemod:card_modifiers":[null,null,null,null,null,null,null,null,null,null,null,null,null,null,null,null,null,null],"items_purchased":["Power Through","Second Wind","Apotheosis","Blood for Blood","Body Slam","SkillPotion"],"campfire_rested":4,"item_purchase_floors":[12,12,27,39,54,54],"current_hp_per_floor":[62,51,51,44,44,44,46,36,36,36,36,36,34,29,29,35,68,76,76,62,43,43,42,42,42,42,42,69,71,71,52,52,46,89,75,75,79,79,79,39,72,72,72,72,57,40,54,53,94,68,35,118,145,145,77,16],"gold":92,"neow_bonus":"HUNDRED_GOLD","is_prod":false,"is_daily":false,"chose_seed":false,"campfire_upgraded":5,"win_rate":0,"timestamp":1730477159,"path_taken":["M","?","?","?","$","R","M","M","T","?","R","$","E","M","R","BOSS","M","?","M","M","?","E","R","?","T","$","R","M","$","E","R","BOSS","M","?","M","?","$","E","R","?","T","R","M","E","?","M","R","BOSS","BOSS","R","$","E","BOSS"],"build_version":"2022-12-18","purchased_purges":2,"victory":true,"max_hp_per_floor":[75,75,75,75,75,75,75,75,75,75,75,75,77,79,79,79,79,81,81,83,86,86,91,91,91,91,91,91,95,95,97,97,103,103,109,109,111,111,111,113,113,113,113,113,117,129,135,137,137,141,145,145,145,145,145,145],"relic_stats":{"Blood Vial":26,"Singing Bowl":26,"counters":[24,163],"Ornamental Fan":[64],"Blue Candle":[0],"Pandora\u0027s Box":["Rupture","Thunderclap","Impervious","Immolate","Dual Wield","Havoc"],"Pen Nib":[10],"Omamori":0,"Letter Opener":[115],"obtain_stats":[{"Pear":46,"Singing Bowl":13,"Blue Candle":55,"Pen Nib":23,"Omamori":10,"Letter Opener":40,"Burning Blood":0,"Blood Vial":26,"Ornamental Fan":31,"Pandora\u0027s Box":17,"Philosopher\u0027s Stone":34,"Bag of Marbles":43,"InkBottle":9},{"Pear":18,"Singing Bowl":4,"Blue Candle":23,"Pen Nib":10,"Omamori":3,"Letter Opener":16,"Burning Blood":0,"Blood Vial":10,"Ornamental Fan":12,"Pandora\u0027s Box":6,"Philosopher\u0027s Stone":13,"Bag of Marbles":16,"InkBottle":3},{"Pear":125,"Singing Bowl":18,"Blue Candle":155,"Pen Nib":60,"Omamori":15,"Letter Opener":111,"Burning Blood":0,"Blood Vial":60,"Ornamental Fan":84,"Pandora\u0027s Box":32,"Philosopher\u0027s Stone":94,"Bag of Marbles":111,"InkBottle":15}],"Burning Blood":144,"InkBottle":[38]},"card_choices":[{"not_picked":["Thunderclap","Armaments"],"picked":"Heavy Blade","floor":1.0},{"not_picked":["Cleave","Havoc"],"picked":"Fire Breathing","floor":7.0},{"not_picked":["Infernal Blade","Headbutt"],"picked":"Evolve","floor":8.0},{"not_picked":["Double Tap","True Grit","Blood for Blood"],"picked":"Singing Bowl","floor":13.0},{"not_picked":["True Grit","Flex","Perfected Strike"],"picked":"Singing Bowl","floor":14.0},{"not_picked":["Bludgeon","Brutality"],"picked":"Feed","floor":16.0},{"not_picked":["Blood for Blood","Pommel Strike","Wild Strike"],"picked":"Singing Bowl","floor":18.0},{"not_picked":["Sword Boomerang","Perfected Strike","True Grit"],"picked":"Singing Bowl","floor":20.0},{"not_picked":["Warcry","Dual Wield"],"picked":"Dark Embrace","floor":21.0},{"not_picked":["Clash","Havoc+1","Searing Blow"],"picked":"Singing Bowl","floor":23.0},{"not_picked":["Twin Strike","Wild Strike"],"picked":"Shockwave","floor":29.0},{"not_picked":["Pummel","Headbutt","Disarm"],"picked":"Singing Bowl","floor":31.0},{"not_picked":["Impervious","Bludgeon","Brutality"],"picked":"Singing Bowl","floor":33.0},{"not_picked":["Twin Strike+1","Armaments+1","Pommel Strike"],"picked":"Singing Bowl","floor":35.0},{"not_picked":["Clothesline","Hemokinesis","Perfected Strike+1"],"picked":"Singing Bowl","floor":37.0},{"not_picked":["Battle Trance+1","Bludgeon","Wild Strike"],"picked":"Singing Bowl","floor":40.0},{"not_picked":["Warcry","Dual Wield+1"],"picked":"Sentinel","floor":45.0},{"not_picked":["Spot Weakness","Havoc","Clash"],"picked":"Singing Bowl","floor":46.0},{"not_picked":["Pommel Strike+1","Spot Weakness","Disarm"],"picked":"Singing Bowl","floor":47.0},{"not_picked":["Perfected Strike+1","Wild Strike","Sword Boomerang"],"picked":"Singing Bowl","floor":48.0},{"not_picked":["Spot Weakness","Juggernaut"],"picked":"Seeing Red","floor":55.0}],"player_experience":867685,"relics_obtained":[{"floor":9.0,"key":"InkBottle"},{"floor":10.0,"key":"Omamori"},{"floor":13.0,"key":"Singing Bowl"},{"floor":23.0,"key":"Pen Nib"},{"floor":26.0,"key":"Blood Vial"},{"floor":31.0,"key":"Ornamental Fan"},{"floor":40.0,"key":"Letter Opener"},{"floor":43.0,"key":"Bag of Marbles"},{"floor":46.0,"key":"Pear"},{"floor":55.0,"key":"Blue Candle"}],"event_choices":[{"damage_healed":0.0,"max_hp_gain":0.0,"max_hp_loss":0.0,"gold_gain":75.0,"event_name":"World of Goop","player_choice":"Gather Gold","floor":2.0,"gold_loss":0.0,"damage_taken":11.0},{"cards_removed":["Strike_R"],"damage_healed":0.0,"max_hp_gain":0.0,"max_hp_loss":0.0,"gold_gain":0.0,"event_name":"The Cleric","player_choice":"Card Removal","floor":3.0,"gold_loss":75.0,"damage_taken":0.0},{"cards_removed":["Strike_R"],"damage_healed":0.0,"max_hp_gain":0.0,"max_hp_loss":0.0,"gold_gain":0.0,"event_name":"Golden Wing","player_choice":"Card Removal","floor":4.0,"gold_loss":0.0,"damage_taken":7.0},{"damage_healed":0.0,"max_hp_gain":0.0,"max_hp_loss":0.0,"gold_gain":0.0,"event_name":"The Library","player_choice":"Read","floor":19.0,"gold_loss":0.0,"damage_taken":0.0,"cards_obtained":["Burning Pact"]},{"cards_removed":["Thunderclap"],"damage_healed":0.0,"max_hp_gain":0.0,"max_hp_loss":0.0,"gold_gain":0.0,"event_name":"Back to Basics","player_choice":"Elegance","floor":22.0,"gold_loss":0.0,"damage_taken":0.0},{"cards_removed":["Havoc"],"damage_healed":0.0,"max_hp_gain":0.0,"max_hp_loss":0.0,"gold_gain":0.0,"event_name":"Beggar","player_choice":"Gave Gold","floor":25.0,"gold_loss":75.0,"damage_taken":0.0},{"damage_healed":0.0,"max_hp_gain":0.0,"max_hp_loss":0.0,"gold_gain":0.0,"event_name":"Tomb of Lord Red Mask","player_choice":"Ignored","floor":36.0,"gold_loss":0.0,"damage_taken":0.0},{"cards_removed":["Heavy Blade"],"damage_healed":0.0,"max_hp_gain":0.0,"max_hp_loss":0.0,"gold_gain":0.0,"event_name":"Falling","player_choice":"Removed Attack","floor":38.0,"gold_loss":0.0,"damage_taken":0.0}],"is_beta":false,"boss_relics":[{"not_picked":["Sozu","SlaversCollar"],"picked":"Pandora\u0027s Box"},{"not_picked":["Calling Bell","Snecko Eye"],"picked":"Philosopher\u0027s Stone"}],"items_purged_floors":[5,39],"is_endless":false,"potions_floor_spawned":[7,8,16,18,23,37,45,47,48],"ascension_level":20}