{"gold_per_floor":[119,131,206,223,223,249,277,291,316,329,329,339,354,354],"floor_reached":14,"playtime":386,"items_purged":[],"score":188,"play_id":"e06049fe-4798-4519-8014-2d4d19ca90a7","local_time":"20241115225608","is_ascension_mode":true,"campfire_choices":[{"floor":11,"key":"REST"}],"neow_cost":"TEN_PERCENT_HP_LOSS","seed_source_timestamp":5626356745900,"circlet_count":0,"master_deck":["AscendersBane","Strike_G","Strike_G","Strike_G","Strike_G","Strike_G","Defend_G","Defend_G","Defend_G","Defend_G","Defend_G","Survivor","Neutralize","Backstab","Sucker Punch","All Out Attack","Calculated Gamble","Corpse Explosion","Acrobatics","Deflect"],"special_seed":0,"relics":["Ring of the Snake","Lizard Tail","Oddly Smooth Stone","Odd Mushroom","Akabeko"],"potions_floor_usage":[7,14],"damage_taken":[{"damage":2.0,"enemies":"Cultist","floor":1.0,"turns":5.0},{"damage":0.0,"enemies":"Jaw Worm","floor":2.0,"turns":4.0},{"damage":4,"enemies":"2 Louse","floor":4,"turns":3},{"damage":46,"enemies":"3 Sentries","floor":6,"turns":16},{"damage":18,"enemies":"The Mushroom Lair","floor":7,"turns":4},{"damage":5,"enemies":"Red Slaver","floor":8,"turns":4},{"damage":4,"enemies":"Lots of Slimes","floor":10,"turns":3},{"damage":0,"enemies":"Looter","floor":12,"turns":2},{"damage":0,"enemies":"Exordium Wildlife","floor":13,"turns":2},{"damage":14,"enemies":"Lagavulin","floor":14,"turns":7}],"seed_played":"4422444782766640905","potions_obtained":[{"floor":2,"key":"Dexterity Potion"},{"floor":6,"key":"PowerPotion"},{"floor":10,"key":"Strength Potion"}],"is_trial":false,"path_per_floor":["M","M","?","M","?","E","?","M","T","M","R","M","M","E"],"character_chosen":"THE_SILENT","basemod:card_modifiers":[null,null,null,null,null,null,null,null,null,null,null,null,null,null,null,null,null,null,null,null],"items_purchased":[],"campfire_rested":1,"item_purchase_floors":[],"current_hp_per_floor":[57,57,46,42,42,28,10,5,5,1,19,19,19,5],"gold":354,"neow_bonus":"ONE_RARE_RELIC","is_prod":false,"is_daily":false,"chose_seed":false,"campfire_upgraded":0,"win_rate":0,"timestamp":1731678968,"path_taken":["M","M","?","M","?","E","?","M","T","M","R","M","M","E"],"build_version":"2022-12-18","purchased_purges":0,"victory":false,"max_hp_per_floor":[60,60,60,60,60,60,60,60,60,60,60,60,60,60],"relic_stats":{"Lizard Tail":30,"counters":[10,50],"obtain_stats":[{"Lizard Tail":0,"Oddly Smooth Stone":6,"Odd Mushroom":7,"Akabeko":9,"Ring of the Snake":0},{"Lizard Tail":0,"Oddly Smooth Stone":4,"Odd Mushroom":5,"Akabeko":6,"Ring of the Snake":0},{"Lizard Tail":0,"Oddly Smooth Stone":28,"Odd Mushroom":32,"Akabeko":36,"Ring of the Snake":0}],"Ring of the Snake":[20]},"card_choices":[{"not_picked":["Cloak And Dagger","Sucker Punch"],"picked":"Backstab","floor":1.0},{"not_picked":["Deadly Poison","Cloak And Dagger","Setup"],"picked":"SKIP","floor":2},{"not_picked":["Riddle With Holes","Expertise"],"picked":"Sucker Punch","floor":4},{"not_picked":["Poisoned Stab","Skewer"],"picked":"All Out Attack","floor":6},{"not_picked":["Prepared","Deadly Poison"],"picked":"Calculated Gamble","floor":7},{"not_picked":["Prepared","Deadly Poison"],"picked":"Corpse Explosion","floor":8},{"not_picked":["Outmaneuver","Dagger Spray","Acrobatics"],"picked":"SKIP","floor":10},{"not_picked":["Crippling Poison","Backflip"],"picked":"Acrobatics","floor":12},{"not_picked":["Poisoned Stab","Quick Slash"],"picked":"Deflect","floor":13}],"player_experience":880378,"relics_obtained":[{"floor":6,"key":"Oddly Smooth Stone"},{"floor":7,"key":"Odd Mushroom"},{"floor":9,"key":"Akabeko"}],"event_choices":[{"damage_healed":0,"gold_gain":75,"player_choice":"Gather Gold","damage_taken":11,"max_hp_gain":0,"max_hp_loss":0,"event_name":"World of Goop","floor":3,"gold_loss":0},{"damage_healed":0,"gold_gain":0,"player_choice":"Fled","damage_taken":0,"max_hp_gain":0,"max_hp_loss":0,"event_name":"Scrap Ooze","floor":5,"gold_loss":0},{"damage_healed":0,"gold_gain":0,"player_choice":"Fought Mushrooms","damage_taken":0,"max_hp_gain":0,"max_hp_loss":0,"event_name":"Mushrooms","floor":7,"gold_loss":0}],"is_beta":false,"boss_relics":[],"items_purged_floors":[],"is_endless":false,"potions_floor_spawned":[2,6,10,13],"killed_by":"Lagavulin","ascension_level":20}