{"gold_per_floor":[119,119,131,131,142,142,156,156,156,183,183,218,218,229,229,306,306,324,340,19,37,37,37,72,72,98,132,143,93,103,128,128,128],"floor_reached":33,"playtime":914,"items_purged":["Strike_G","Defend_G"],"score":680,"play_id":"b7d1886e-f70e-4eef-ab8e-e6cc1eb5f89b","local_time":"20241115214337","is_ascension_mode":true,"campfire_choices":[{"data":"Blade Dance","floor":6.0,"key":"SMITH"},{"data":"Dagger Throw","floor":8.0,"key":"SMITH"},{"floor":11.0,"key":"REST"},{"floor":15.0,"key":"REST"},{"floor":23.0,"key":"REST"},{"data":"Tactician","floor":25.0,"key":"SMITH"},{"floor":32.0,"key":"RECALL"}],"neow_cost":"NONE","seed_source_timestamp":619366579800,"circlet_count":0,"master_deck":["AscendersBane","Strike_G","Strike_G+1","Strike_G","Defend_G","Defend_G","Defend_G+1","Defend_G","Survivor","Neutralize","Masterful Stab","Dagger Throw+1","Blade Dance+1","Slice","Tactician+1","After Image","PiercingWail","Acrobatics+1","After Image","Backflip","Backflip"],"special_seed":0,"relics":["Ring of the Snake","NeowsBlessing","Smiling Mask","Ornamental Fan","Centennial Puzzle","WristBlade","Nunchaku","Question Card","Bag of Preparation","Singing Bowl","Akabeko"],"potions_floor_usage":[33,33],"damage_taken":[{"damage":0.0,"enemies":"Small Slimes","floor":1.0,"turns":1.0},{"damage":0.0,"enemies":"2 Louse","floor":3.0,"turns":1.0},{"damage":0.0,"enemies":"Jaw Worm","floor":5.0,"turns":1.0},{"damage":0.0,"enemies":"Gremlin Gang","floor":7.0,"turns":3.0},{"damage":17.0,"enemies":"Lagavulin","floor":10.0,"turns":6.0},{"damage":16.0,"enemies":"Gremlin Nob","floor":12.0,"turns":4.0},{"damage":0.0,"enemies":"Large Slime","floor":14.0,"turns":4.0},{"damage":26.0,"enemies":"The Guardian","floor":16.0,"turns":15.0},{"damage":10.0,"enemies":"2 Thieves","floor":18.0,"turns":5.0},{"damage":7.0,"enemies":"Chosen","floor":19.0,"turns":4.0},{"damage":3.0,"enemies":"Snake Plant","floor":21.0,"turns":5.0},{"damage":12.0,"enemies":"Gremlin Leader","floor":24.0,"turns":6.0},{"damage":1.0,"enemies":"Book of Stabbing","floor":27.0,"turns":5.0},{"damage":0.0,"enemies":"3 Cultists","floor":28.0,"turns":5.0},{"damage":0.0,"enemies":"Centurion and Healer","floor":30.0,"turns":5.0},{"damage":0.0,"enemies":"Slavers","floor":31.0,"turns":3.0},{"damage":27,"enemies":"Collector","floor":33,"turns":12}],"seed_played":"-8901838247973380069","potions_obtained":[{"floor":3.0,"key":"Dexterity Potion"},{"floor":5.0,"key":"SkillPotion"},{"floor":12.0,"key":"Strength Potion"},{"floor":16.0,"key":"FearPotion"},{"floor":31.0,"key":"LiquidMemories"}],"is_trial":false,"path_per_floor":["M","?","M","?","M","R","M","R","T","E","R","E","?","M","R","B",null,"M","M","$","M","?","R","E","R","T","E","M","$","M","E","R","B"],"character_chosen":"THE_SILENT","basemod:card_modifiers":[null,null,null,null,null,null,null,null,null,null,null,null,null,null,null,null,null,null,null,null,null],"items_purchased":["Acrobatics","Nunchaku","SteroidPotion"],"campfire_rested":3,"item_purchase_floors":[20,20,20],"current_hp_per_floor":[59,52,52,32,32,32,32,32,32,15,34,18,18,18,37,11,52,42,35,35,32,32,51,39,39,39,40,40,40,42,42,42,15],"gold":128,"neow_bonus":"THREE_ENEMY_KILL","is_prod":false,"is_daily":false,"chose_seed":false,"campfire_upgraded":3,"win_rate":0,"timestamp":1731674617,"path_taken":["M","?","M","?","M","R","M","R","T","E","R","E","?","M","R","BOSS","M","M","$","M","?","R","E","R","T","E","M","$","M","E","R","BOSS"],"build_version":"2022-12-18","purchased_purges":2,"victory":false,"max_hp_per_floor":[66,66,66,66,66,66,66,66,66,66,66,66,66,66,66,66,66,66,66,66,66,66,66,66,66,66,68,68,68,70,70,70,70],"relic_stats":{"Centennial Puzzle":[21],"Nunchaku":[15],"Singing Bowl":4,"counters":[17,85],"Ornamental Fan":[240],"Bag of Preparation":[10],"Smiling Mask":75,"Question Card":4,"obtain_stats":[{"Centennial Puzzle":12,"Nunchaku":20,"NeowsBlessing":0,"WristBlade":17,"Singing Bowl":27,"Ornamental Fan":10,"Bag of Preparation":26,"Smiling Mask":9,"Question Card":24,"Akabeko":31,"Ring of the Snake":0},{"Centennial Puzzle":6,"Nunchaku":10,"NeowsBlessing":0,"WristBlade":8,"Singing Bowl":13,"Ornamental Fan":5,"Bag of Preparation":12,"Smiling Mask":4,"Question Card":12,"Akabeko":16,"Ring of the Snake":0},{"Centennial Puzzle":16,"Nunchaku":44,"NeowsBlessing":0,"WristBlade":35,"Singing Bowl":60,"Ornamental Fan":12,"Bag of Preparation":55,"Smiling Mask":6,"Question Card":55,"Akabeko":73,"Ring of the Snake":0}],"Ring of the Snake":[34]},"card_choices":[{"not_picked":["Quick Slash","Expertise"],"picked":"Masterful Stab","floor":1.0},{"not_picked":["Heel Hook","Accuracy"],"picked":"Dagger Throw","floor":3.0},{"not_picked":["Dagger Throw","Reflex"],"picked":"Blade Dance","floor":5.0},{"not_picked":["Bane","Deadly Poison","Flying Knee"],"picked":"SKIP","floor":7.0},{"not_picked":["Quick Slash","Prepared"],"picked":"Slice","floor":10.0},{"not_picked":["Well Laid Plans","Quick Slash"],"picked":"Tactician","floor":12.0},{"not_picked":["Sucker Punch","Dagger Throw","Poisoned Stab"],"picked":"SKIP","floor":14.0},{"not_picked":["Adrenaline","Venomology"],"picked":"After Image","floor":16.0},{"not_picked":["All Out Attack","Concentrate","Dagger Throw"],"picked":"SKIP","floor":18.0},{"not_picked":["Deadly Poison+1","Dodge and Roll"],"picked":"PiercingWail","floor":19.0},{"not_picked":["Blade Dance","PiercingWail"],"picked":"After Image","floor":21.0},{"not_picked":["Dagger Spray","Predator","Grand Finale"],"picked":"SKIP","floor":24.0},{"not_picked":["Concentrate","Dagger Spray+1","Bane+1","Riddle With Holes"],"picked":"Singing Bowl","floor":27.0},{"not_picked":["Slice","Footwork","Cloak And Dagger"],"picked":"Backflip","floor":28.0},{"not_picked":["Dagger Spray","Poisoned Stab","Catalyst","Flying Knee"],"picked":"Singing Bowl","floor":30.0},{"not_picked":["Distraction","Tactician","Skewer"],"picked":"Backflip","floor":31.0}],"player_experience":876545,"relics_obtained":[{"floor":9.0,"key":"Smiling Mask"},{"floor":10.0,"key":"Ornamental Fan"},{"floor":12.0,"key":"Centennial Puzzle"},{"floor":24.0,"key":"Question Card"},{"floor":26.0,"key":"Bag of Preparation"},{"floor":27.0,"key":"Singing Bowl"},{"floor":31.0,"key":"Akabeko"}],"event_choices":[{"cards_removed":["Strike_G"],"damage_healed":0.0,"max_hp_gain":0.0,"max_hp_loss":0.0,"gold_gain":0.0,"event_name":"Golden Wing","player_choice":"Card Removal","floor":2.0,"gold_loss":0.0,"damage_taken":7.0},{"damage_healed":0.0,"max_hp_gain":0.0,"max_hp_loss":0.0,"gold_gain":0.0,"event_name":"Shining Light","player_choice":"Entered Light","floor":4.0,"gold_loss":0.0,"damage_taken":20.0,"cards_upgraded":["Defend_G","Strike_G"]},{"damage_healed":0.0,"max_hp_gain":0.0,"max_hp_loss":0.0,"gold_gain":0.0,"event_name":"Dead Adventurer","player_choice":"Searched \u00270\u0027 times","floor":13.0,"gold_loss":0.0,"damage_taken":0.0},{"damage_healed":0.0,"max_hp_gain":0.0,"max_hp_loss":0.0,"gold_gain":0.0,"event_name":"Accursed Blacksmith","player_choice":"Forge","floor":22.0,"gold_loss":0.0,"damage_taken":0.0,"cards_upgraded":["Acrobatics"]}],"is_beta":false,"boss_relics":[{"not_picked":["Tiny House","Astrolabe"],"picked":"WristBlade"}],"items_purged_floors":[20,29],"is_endless":false,"potions_floor_spawned":[3,5,12,16,24,28,30,31],"killed_by":"Collector","ascension_level":20}