{"gold_per_floor":[364,44,59,79,94,94,122,141,167,167,182,182,182,197,197,288,288,313,156,171,171,46,46,60,60,60,60,99,139,154,168,168,168],"floor_reached":33,"playtime":935,"items_purged":["Strike_G","Strike_G","Defend_G"],"score":592,"play_id":"3e3ab25e-8d41-4a25-b254-3ed3a9e35b79","local_time":"20241116170904","is_ascension_mode":true,"campfire_choices":[{"data":"All Out Attack","floor":6,"key":"SMITH"},{"floor":15,"key":"REST"},{"data":"Reflex","floor":23,"key":"SMITH"},{"floor":25,"key":"REST"},{"data":"Acrobatics","floor":32,"key":"SMITH"}],"neow_cost":"PERCENT_DAMAGE","seed_source_timestamp":15140370677600,"circlet_count":0,"master_deck":["AscendersBane","Strike_G+1","Strike_G","Defend_G","Defend_G","Defend_G","Defend_G","Survivor","Neutralize","Dagger Throw","All Out Attack+1","Underhanded Strike+1","Reflex+1","After Image","Prepared","Acrobatics+1","Well Laid Plans+1","Ghostly","Ghostly","Ghostly","Acrobatics+1"],"relics":["Ring of the Snake","Akabeko","Whetstone","Pen Nib","Golden Idol","HoveringKite","Oddly Smooth Stone","Centennial Puzzle","Red Mask"],"potions_floor_usage":[11,16,16,21,28,33],"damage_taken":[{"damage":7,"enemies":"Small Slimes","floor":1,"turns":3},{"damage":0,"enemies":"Jaw Worm","floor":3,"turns":4},{"damage":0,"enemies":"2 Louse","floor":4,"turns":2},{"damage":0,"enemies":"2 Fungi Beasts","floor":5,"turns":4},{"damage":28,"enemies":"Gremlin Nob","floor":7,"turns":4},{"damage":0,"enemies":"Looter","floor":8,"turns":2},{"damage":0,"enemies":"Exordium Wildlife","floor":11,"turns":4},{"damage":0,"enemies":"Gremlin Gang","floor":14,"turns":1},{"damage":9,"enemies":"Slime Boss","floor":16,"turns":9},{"damage":10,"enemies":"3 Byrds","floor":18,"turns":5},{"damage":8,"enemies":"Shell Parasite","floor":20,"turns":5},{"damage":0,"enemies":"Snecko","floor":21,"turns":2},{"damage":19,"enemies":"Shelled Parasite and Fungi","floor":24,"turns":5},{"damage":0,"enemies":"Gremlin Leader","floor":28,"turns":7},{"damage":2,"enemies":"Masked Bandits","floor":29,"turns":3},{"damage":2,"enemies":"Centurion and Healer","floor":30,"turns":6},{"damage":3,"enemies":"Sentry and Sphere","floor":31,"turns":6},{"damage":21,"enemies":"Collector","floor":33,"turns":8}],"seed_played":"4930376630517543264","potions_obtained":[{"floor":4,"key":"SkillPotion"},{"floor":7,"key":"Block Potion"},{"floor":14,"key":"Poison Potion"},{"floor":16,"key":"Poison Potion"},{"floor":18,"key":"SmokeBomb"},{"floor":28,"key":"Ancient Potion"},{"floor":29,"key":"FairyPotion"},{"floor":31,"key":"BlessingOfTheForge"}],"is_trial":false,"path_per_floor":["M","$","M","M","M","R","E","M","T","?","M","?","?","M","R","B",null,"M","$","M","M","$","R","M","R","T","?","E","?","M","M","R","B"],"character_chosen":"THE_SILENT","basemod:card_modifiers":[null,null,null,null,null,null,null,null,null,null,null,null,null,null,null,null,null,null,null,null,null],"items_purchased":["All Out Attack","Akabeko","Acrobatics"],"campfire_rested":2,"item_purchase_floors":[2,2,19],"current_hp_per_floor":[37,37,37,37,37,37,9,9,9,9,9,9,9,9,27,18,50,40,40,32,32,32,32,13,31,31,30,30,28,26,23,23,2],"gold":168,"neow_bonus":"TWO_FIFTY_GOLD","is_prod":false,"is_daily":false,"chose_seed":false,"campfire_upgraded":3,"win_rate":0,"timestamp":1731744544,"path_taken":["M","$","M","M","M","R","E","M","T","?","M","?","?","M","R","BOSS","M","$","M","M","$","R","M","R","T","?","E","?","M","M","R","BOSS"],"build_version":"2022-12-18","purchased_purges":3,"victory":false,"max_hp_per_floor":[66,66,66,66,66,66,66,66,66,66,66,66,60,60,60,60,60,60,60,60,60,60,60,60,60,60,30,30,30,30,30,30,30],"relic_stats":{"Centennial Puzzle":[12],"counters":[18,80],"Golden Idol":58,"HoveringKite":[38],"Pen Nib":[14],"Whetstone":["Underhanded Strike","Strike_G"],"obtain_stats":[{"Centennial Puzzle":28,"Golden Idol":13,"HoveringKite":17,"Oddly Smooth Stone":26,"Pen Nib":9,"Red Mask":29,"Whetstone":7,"Akabeko":2,"Ring of the Snake":0},{"Centennial Puzzle":14,"Golden Idol":7,"HoveringKite":9,"Oddly Smooth Stone":13,"Pen Nib":6,"Red Mask":15,"Whetstone":5,"Akabeko":1,"Ring of the Snake":0},{"Centennial Puzzle":57,"Golden Idol":23,"HoveringKite":33,"Oddly Smooth Stone":50,"Pen Nib":19,"Red Mask":60,"Whetstone":17,"Akabeko":3,"Ring of the Snake":0}],"Ring of the Snake":[36]},"card_choices":[{"not_picked":["Slice","Masterful Stab"],"picked":"Dagger Throw","floor":1},{"not_picked":["Dodge and Roll","Leg Sweep"],"picked":"Underhanded Strike","floor":3},{"not_picked":["Underhanded Strike","Choke","Backflip"],"picked":"SKIP","floor":4},{"not_picked":["All Out Attack","Prepared","Deflect"],"picked":"SKIP","floor":5},{"not_picked":["Poisoned Stab","Skewer","Envenom"],"picked":"SKIP","floor":7},{"not_picked":["Blade Dance","Poisoned Stab"],"picked":"Reflex","floor":8},{"not_picked":["Quick Slash","Cloak And Dagger","Reflex"],"picked":"SKIP","floor":11},{"not_picked":["PiercingWail","Distraction","Skewer"],"picked":"SKIP","floor":14},{"not_picked":["Night Terror","A Thousand Cuts"],"picked":"After Image","floor":16},{"not_picked":["PiercingWail","Dagger Throw"],"picked":"Prepared","floor":18},{"not_picked":["Outmaneuver","Dodge and Roll","PiercingWail"],"picked":"SKIP","floor":20},{"not_picked":["Venomology","Bouncing Flask"],"picked":"Well Laid Plans+1","floor":24},{"not_picked":["Bane","Escape Plan"],"picked":"Acrobatics+1","floor":28},{"not_picked":["Blade Dance","Dagger Throw","Prepared"],"picked":"SKIP","floor":30},{"not_picked":["Dodge and Roll","Cloak And Dagger","Outmaneuver"],"picked":"SKIP","floor":31}],"player_experience":894251,"relics_obtained":[{"floor":7,"key":"Whetstone"},{"floor":9,"key":"Pen Nib"},{"floor":26,"key":"Oddly Smooth Stone"},{"floor":28,"key":"Centennial Puzzle"},{"floor":29,"key":"Red Mask"}],"event_choices":[{"damage_healed":0,"gold_gain":0,"player_choice":"Ignored","damage_taken":0,"max_hp_gain":0,"max_hp_loss":0,"event_name":"Shining Light","floor":10,"gold_loss":0},{"cards_removed":["Strike_G"],"damage_healed":0,"gold_gain":0,"player_choice":"Forget","damage_taken":0,"max_hp_gain":0,"max_hp_loss":0,"event_name":"Living Wall","floor":12,"gold_loss":0},{"damage_healed":0,"gold_gain":0,"player_choice":"Lose Max HP","damage_taken":0,"relics_obtained":["Golden Idol"],"max_hp_gain":0,"max_hp_loss":6,"event_name":"Golden Idol","floor":13,"gold_loss":0},{"damage_healed":0,"gold_gain":0,"player_choice":"Became a Ghost","damage_taken":0,"max_hp_gain":0,"max_hp_loss":30,"event_name":"Ghosts","floor":27,"gold_loss":0,"cards_obtained":["Ghostly","Ghostly","Ghostly"]},{"damage_healed":0,"gold_gain":0,"player_choice":"Fought Bandits","damage_taken":0,"max_hp_gain":0,"max_hp_loss":0,"event_name":"Masked Bandits","floor":29,"gold_loss":0}],"is_beta":false,"boss_relics":[{"not_picked":["WristBlade","Cursed Key"],"picked":"HoveringKite"}],"items_purged_floors":[2,19,22],"is_endless":false,"potions_floor_spawned":[4,7,14,16,18,21,28,29,31],"killed_by":"Collector","ascension_level":20}