{"gold_per_floor":[111,124,124,140,154,180,180,180,204,244,244,257,257,257,257,257],"floor_reached":16,"playtime":228,"items_purged":[],"score":240,"play_id":"d11c10d9-5b37-4bfa-b6e5-3dec9a7457fd","local_time":"20241116150122","is_ascension_mode":true,"campfire_choices":[{"data":"Immolate","floor":8.0,"key":"SMITH"},{"data":"Blood for Blood","floor":11.0,"key":"SMITH"},{"data":"True Grit","floor":15,"key":"SMITH"}],"neow_cost":"TEN_PERCENT_HP_LOSS","seed_source_timestamp":8131166671600,"circlet_count":0,"master_deck":["AscendersBane","Strike_R","Strike_R","Strike_R","Strike_R","Defend_R","Defend_R","Defend_R","Defend_R","Bash","Immolate+1","Blood for Blood+1","Feel No Pain","Evolve","True Grit+1","Hemokinesis"],"special_seed":0,"relics":["Burning Blood","Vajra","Golden Idol","Bag of Preparation","Lantern","Potion Belt"],"potions_floor_usage":[14],"damage_taken":[{"damage":0.0,"enemies":"2 Louse","floor":1.0,"turns":1.0},{"damage":0.0,"enemies":"Small Slimes","floor":2.0,"turns":2.0},{"damage":1.0,"enemies":"Cultist","floor":4.0,"turns":3.0},{"damage":5.0,"enemies":"Looter","floor":5.0,"turns":3.0},{"damage":20.0,"enemies":"3 Sentries","floor":6.0,"turns":5.0},{"damage":8.0,"enemies":"Gremlin Nob","floor":10.0,"turns":3.0},{"damage":8.0,"enemies":"Large Slime","floor":12.0,"turns":6.0},{"damage":0,"enemies":"Lagavulin","floor":14,"turns":1},{"damage":32,"enemies":"Hexaghost","floor":16,"turns":7}],"seed_played":"-2308396187997561050","potions_obtained":[{"floor":2.0,"key":"SmokeBomb"},{"floor":4.0,"key":"Strength Potion"}],"is_trial":false,"path_per_floor":["M","M","?","M","M","E","?","R","T","E","R","M","?","E","R","B"],"character_chosen":"IRONCLAD","basemod:card_modifiers":[null,null,null,null,null,null,null,null,null,null,null,null,null,null,null,null],"items_purchased":[],"campfire_rested":0,"item_purchase_floors":[],"current_hp_per_floor":[68,68,61,66,67,53,30,30,30,28,28,26,26,32,32,0],"gold":257,"neow_bonus":"THREE_RARE_CARDS","is_prod":false,"is_daily":false,"chose_seed":false,"campfire_upgraded":3,"win_rate":0,"timestamp":1731736882,"path_taken":["M","M","?","M","M","E","?","R","T","E","R","M","?","E","R","BOSS"],"build_version":"2022-12-18","purchased_purges":0,"victory":false,"max_hp_per_floor":[68,68,68,68,68,68,68,68,68,68,68,68,68,68,68,68],"relic_stats":{"counters":[9,31],"Golden Idol":20,"Bag of Preparation":[8],"obtain_stats":[{"Potion Belt":13,"Lantern":10,"Golden Idol":7,"Vajra":6,"Bag of Preparation":9,"Burning Blood":0},{"Potion Belt":7,"Lantern":6,"Golden Idol":5,"Vajra":5,"Bag of Preparation":5,"Burning Blood":0},{"Potion Belt":23,"Lantern":17,"Golden Idol":14,"Vajra":14,"Bag of Preparation":14,"Burning Blood":0}],"Burning Blood":36},"card_choices":[{"not_picked":["Impervious","Bludgeon"],"picked":"Immolate","floor":0.0},{"not_picked":["True Grit","Flex"],"picked":"Shockwave","floor":1.0},{"not_picked":["Infernal Blade","Clash"],"picked":"Blood for Blood","floor":2.0},{"not_picked":["Thunderclap","Clothesline"],"picked":"Feel No Pain","floor":4.0},{"not_picked":["Clothesline","Headbutt","Iron Wave"],"picked":"SKIP","floor":5.0},{"not_picked":["Twin Strike","Wild Strike"],"picked":"Evolve","floor":6.0},{"not_picked":["Burning Pact","Warcry"],"picked":"True Grit","floor":10.0},{"not_picked":["Thunderclap","Inflame"],"picked":"Hemokinesis","floor":12.0}],"player_experience":889075,"relics_obtained":[{"floor":6.0,"key":"Vajra"},{"floor":9.0,"key":"Bag of Preparation"},{"floor":10.0,"key":"Lantern"}],"event_choices":[{"cards_removed":["Strike_R"],"damage_healed":0.0,"max_hp_gain":0.0,"max_hp_loss":0.0,"gold_gain":0.0,"event_name":"Golden Wing","player_choice":"Card Removal","floor":3.0,"gold_loss":0.0,"damage_taken":7.0},{"damage_healed":0.0,"max_hp_gain":0.0,"max_hp_loss":0.0,"gold_gain":0.0,"event_name":"Golden Idol","player_choice":"Take Damage","floor":7.0,"gold_loss":0.0,"damage_taken":23.0,"relics_obtained":["Golden Idol"]},{"cards_removed":["Shockwave"],"damage_healed":0.0,"max_hp_gain":0.0,"max_hp_loss":0.0,"gold_gain":0.0,"event_name":"WeMeetAgain","player_choice":"Gave Card","floor":13.0,"gold_loss":0.0,"damage_taken":0.0,"relics_obtained":["Potion Belt"]}],"is_beta":false,"boss_relics":[],"items_purged_floors":[],"is_endless":false,"potions_floor_spawned":[2,4,14],"killed_by":"Hexaghost","ascension_level":20}