{"gold_per_floor":[119,136,136,151,151,151,179,204,204,224,254,254,269,289,289,363,363,374,91,102,121,132,132,164,214,214,227,247,247,265,294,294,294],"floor_reached":33,"playtime":1363,"items_purged":["Strike_G"],"score":627,"play_id":"24dce536-bfdb-47b5-9425-d4790693c06b","local_time":"20241114000713","is_ascension_mode":true,"campfire_choices":[{"data":"Blade Dance","floor":6.0,"key":"SMITH"},{"data":"Finisher","floor":12.0,"key":"SMITH"},{"data":"Venomology","floor":15.0,"key":"SMITH"},{"floor":23.0,"key":"REST"},{"data":"Burst","floor":32,"key":"SMITH"}],"neow_cost":"NONE","seed_source_timestamp":2772543265800,"circlet_count":0,"master_deck":["AscendersBane","Strike_G","Strike_G","Strike_G","Strike_G","Defend_G","Defend_G","Defend_G","Defend_G","Defend_G","Survivor","Neutralize","Backflip","Blade Dance+1","Slice","Venomology+1","Finisher+1","Burst+1","Blade Dance+1","Accuracy+1"],"special_seed":0,"relics":["Ring of the Snake","Anchor","Odd Mushroom","Singing Bowl","Akabeko","Pantograph","Runic Pyramid","Membership Card","Pen Nib","Meat on the Bone","Frozen Egg 2","Bottled Tornado"],"potions_floor_usage":[24,24,28,30,31,33,33],"damage_taken":[{"damage":0.0,"enemies":"Small Slimes","floor":1.0,"turns":5.0},{"damage":0.0,"enemies":"2 Louse","floor":2.0,"turns":4.0},{"damage":0.0,"enemies":"Jaw Worm","floor":4.0,"turns":4.0},{"damage":2.0,"enemies":"The Mushroom Lair","floor":7.0,"turns":5.0},{"damage":22.0,"enemies":"3 Sentries","floor":8.0,"turns":9.0},{"damage":4.0,"enemies":"Large Slime","floor":10.0,"turns":4.0},{"damage":35.0,"enemies":"Lagavulin","floor":11.0,"turns":9.0},{"damage":0.0,"enemies":"Gremlin Gang","floor":13.0,"turns":4.0},{"damage":3.0,"enemies":"Exordium Wildlife","floor":14.0,"turns":3.0},{"damage":12.0,"enemies":"Slime Boss","floor":16.0,"turns":5.0},{"damage":5.0,"enemies":"Shell Parasite","floor":18.0,"turns":3.0},{"damage":11.0,"enemies":"Spheric Guardian","floor":20.0,"turns":4.0},{"damage":27.0,"enemies":"Shelled Parasite and Fungi","floor":21.0,"turns":7.0},{"damage":12.0,"enemies":"Snake Plant","floor":22.0,"turns":5.0},{"damage":50,"enemies":"Slavers","floor":24,"turns":10},{"damage":3,"enemies":"3 Cultists","floor":27,"turns":5},{"damage":0,"enemies":"Snecko","floor":28,"turns":3},{"damage":0,"enemies":"Chosen and Byrds","floor":30,"turns":3},{"damage":39,"enemies":"Gremlin Leader","floor":31,"turns":8},{"damage":40,"enemies":"Collector","floor":33,"turns":9}],"seed_played":"-4800121527970813501","potions_obtained":[{"floor":2.0,"key":"GamblersBrew"},{"floor":4.0,"key":"Weak Potion"},{"floor":8.0,"key":"EntropicBrew"},{"floor":13.0,"key":"SteroidPotion"},{"floor":16.0,"key":"FearPotion"},{"floor":22.0,"key":"Swift Potion"},{"floor":24,"key":"GhostInAJar"},{"floor":30,"key":"Regen Potion"}],"is_trial":false,"path_per_floor":["M","M","?","M","?","R","?","E","T","M","E","R","M","M","R","B",null,"M","$","M","M","M","R","E","?","T","M","M","?","M","E","R","B"],"character_chosen":"THE_SILENT","basemod:card_modifiers":[null,null,null,null,null,null,null,null,null,null,null,null,null,null,null,null,null,null,null,null],"items_purchased":["Membership Card","Pen Nib"],"campfire_rested":1,"item_purchase_floors":[19,19],"current_hp_per_floor":[59,59,64,64,64,64,62,42,42,40,20,20,22,21,21,34,68,65,65,56,31,21,47,26,26,26,37,51,51,53,43,43,28],"gold":294,"neow_bonus":"RANDOM_COMMON_RELIC","is_prod":false,"is_daily":false,"chose_seed":false,"campfire_upgraded":4,"win_rate":0,"timestamp":1731510433,"path_taken":["M","M","?","M","?","R","?","E","T","M","E","R","M","M","R","BOSS","M","$","M","M","M","R","E","?","T","M","?","?","M","E","R","BOSS"],"build_version":"2022-12-18","purchased_purges":1,"victory":false,"max_hp_per_floor":[66,66,71,71,71,71,71,73,73,75,75,75,77,79,79,79,79,81,81,83,85,87,87,87,87,87,89,91,91,93,95,95,95],"relic_stats":{"Singing Bowl":24,"counters":[20,109],"Pantograph":50,"Pen Nib":[19],"Membership Card":119,"Bottled Tornado":"Accuracy","obtain_stats":[{"Anchor":0,"Singing Bowl":8,"Pantograph":11,"Pen Nib":19,"Membership Card":19,"Odd Mushroom":7,"Frozen Egg 2":26,"Bottled Tornado":31,"Akabeko":9,"Ring of the Snake":0,"Runic Pyramid":17,"Meat on the Bone":24},{"Anchor":0,"Singing Bowl":5,"Pantograph":7,"Pen Nib":11,"Membership Card":11,"Odd Mushroom":4,"Frozen Egg 2":15,"Bottled Tornado":19,"Akabeko":5,"Ring of the Snake":0,"Runic Pyramid":10,"Meat on the Bone":15},{"Anchor":0,"Singing Bowl":27,"Pantograph":40,"Pen Nib":55,"Membership Card":55,"Odd Mushroom":18,"Frozen Egg 2":81,"Bottled Tornado":100,"Akabeko":27,"Ring of the Snake":0,"Runic Pyramid":52,"Meat on the Bone":81}],"Ring of the Snake":[40],"Meat on the Bone":36},"card_choices":[{"not_picked":["Prepared","Choke"],"picked":"Backflip","floor":1.0},{"not_picked":["Leg Sweep","All Out Attack"],"picked":"Blade Dance","floor":2.0},{"not_picked":["Outmaneuver","Choke"],"picked":"Slice","floor":4.0},{"not_picked":["Flying Knee","Dodge and Roll"],"picked":"Venomology","floor":7.0},{"not_picked":["Deadly Poison","Dash","Underhanded Strike"],"picked":"Singing Bowl","floor":8.0},{"not_picked":["Deflect","Endless Agony","Flying Knee"],"picked":"Singing Bowl","floor":10.0},{"not_picked":["Dodge and Roll","Bane"],"picked":"Finisher","floor":11.0},{"not_picked":["Deadly Poison","Expertise","Backflip"],"picked":"Singing Bowl","floor":13.0},{"not_picked":["Leg Sweep","Caltrops","Bane"],"picked":"Singing Bowl","floor":14.0},{"not_picked":["Burst","A Thousand Cuts"],"picked":"Envenom","floor":16.0},{"not_picked":["Cloak And Dagger","Flying Knee","Expertise"],"picked":"Singing Bowl","floor":18.0},{"not_picked":["Cloak And Dagger","Prepared","Bane"],"picked":"Singing Bowl","floor":20.0},{"not_picked":["Prepared","Blur","Underhanded Strike"],"picked":"Singing Bowl","floor":21.0},{"not_picked":["Blur","Backflip+1","Deadly Poison"],"picked":"Singing Bowl","floor":22.0},{"not_picked":["Accuracy","Blur"],"picked":"Blade Dance+1","floor":24},{"not_picked":["All Out Attack","Deflect","Dodge and Roll+1"],"picked":"Singing Bowl","floor":27},{"not_picked":["All Out Attack","Sucker Punch","Flying Knee"],"picked":"Singing Bowl","floor":28},{"not_picked":["Slice","Backflip","Flechettes"],"picked":"Singing Bowl","floor":30},{"not_picked":["Burst","Caltrops+1","Cloak And Dagger"],"picked":"Singing Bowl","floor":31}],"player_experience":872045,"relics_obtained":[{"floor":7.0,"key":"Odd Mushroom"},{"floor":8.0,"key":"Singing Bowl"},{"floor":9.0,"key":"Akabeko"},{"floor":11.0,"key":"Pantograph"},{"floor":24,"key":"Meat on the Bone"},{"floor":26,"key":"Frozen Egg 2"},{"floor":31,"key":"Bottled Tornado"}],"event_choices":[{"damage_healed":0.0,"max_hp_gain":5.0,"max_hp_loss":0.0,"gold_gain":0.0,"event_name":"Big Fish","player_choice":"Donut","floor":3.0,"gold_loss":0.0,"damage_taken":0.0},{"damage_healed":0.0,"max_hp_gain":0.0,"max_hp_loss":0.0,"gold_gain":0.0,"event_name":"Liars Game","player_choice":"Ignored","floor":5.0,"gold_loss":0.0,"damage_taken":0.0},{"damage_healed":0.0,"max_hp_gain":0.0,"max_hp_loss":0.0,"gold_gain":0.0,"event_name":"Mushrooms","player_choice":"Fought Mushrooms","floor":7.0,"gold_loss":0.0,"damage_taken":0.0},{"damage_healed":0,"gold_gain":50,"player_choice":"Pray","damage_taken":0,"max_hp_gain":0,"max_hp_loss":0,"event_name":"Golden Shrine","floor":25,"gold_loss":0},{"damage_healed":0,"gold_gain":0,"player_choice":"Read","damage_taken":0,"max_hp_gain":0,"max_hp_loss":0,"event_name":"The Library","floor":29,"gold_loss":0,"cards_obtained":["Accuracy"]}],"is_beta":false,"boss_relics":[{"not_picked":["Busted Crown","Pandora\u0027s Box"],"picked":"Runic Pyramid"}],"items_purged_floors":[19],"is_endless":false,"potions_floor_spawned":[2,4,8,13,16,18,22,24,30,31],"killed_by":"Collector","ascension_level":20}