{"gold_per_floor":[112,37,37,37,37,69,98,123,159,184,206,238,270,311,323,335],"floor_reached":16,"playtime":369,"items_purged":["Strike_G"],"score":278,"play_id":"08750f3a-0853-47cc-b74e-eb5b4f33067e","local_time":"20241113232652","is_ascension_mode":true,"campfire_choices":[{"data":"Terror","floor":15,"key":"SMITH"}],"neow_cost":"NONE","seed_source_timestamp":1419418849500,"circlet_count":0,"master_deck":["AscendersBane","Strike_G","Strike_G","Strike_G","Strike_G","Defend_G","Defend_G","Defend_G","Defend_G","Survivor","Neutralize","Finisher","Terror+1","Calculated Gamble","Slice","Dagger Spray","Backflip","Backstab"],"relics":["Ring of the Snake","NeowsBlessing","MawBank","Regal Pillow","Gambling Chip"],"potions_floor_usage":[11,14,16,16],"damage_taken":[{"damage":0,"enemies":"Small Slimes","floor":1,"turns":1},{"damage":0,"enemies":"Lagavulin","floor":6,"turns":1},{"damage":0,"enemies":"2 Louse","floor":7,"turns":1},{"damage":0,"enemies":"Cultist","floor":8,"turns":4},{"damage":1,"enemies":"Looter","floor":10,"turns":3},{"damage":0,"enemies":"3 Louse","floor":11,"turns":4},{"damage":17,"enemies":"Exordium Wildlife","floor":12,"turns":6},{"damage":0,"enemies":"Looter","floor":13,"turns":3},{"damage":5,"enemies":"Gremlin Nob","floor":14,"turns":3},{"damage":36,"enemies":"Slime Boss","floor":16,"turns":8}],"seed_played":"3593409386200051985","potions_obtained":[{"floor":5,"key":"FearPotion"},{"floor":5,"key":"Poison Potion"},{"floor":6,"key":"ColorlessPotion"},{"floor":8,"key":"AttackPotion"},{"floor":11,"key":"LiquidMemories"},{"floor":14,"key":"Dexterity Potion"}],"is_trial":false,"path_per_floor":["M","$","?","?","?","E","M","M","T","M","M","M","M","E","R","B"],"character_chosen":"THE_SILENT","basemod:card_modifiers":[null,null,null,null,null,null,null,null,null,null,null,null,null,null,null,null,null,null],"items_purchased":[],"campfire_rested":0,"item_purchase_floors":[],"current_hp_per_floor":[59,59,52,57,57,57,57,57,57,56,56,39,39,34,34,0],"gold":335,"neow_bonus":"THREE_ENEMY_KILL","is_prod":false,"is_daily":false,"chose_seed":false,"campfire_upgraded":1,"win_rate":0,"timestamp":1731508012,"path_taken":["M","$","?","?","?","E","?","M","T","M","M","M","M","E","R","BOSS"],"build_version":"2022-12-18","purchased_purges":1,"victory":false,"max_hp_per_floor":[66,66,66,71,71,71,71,71,71,71,71,71,71,71,71,71],"relic_stats":{"Regal Pillow":0,"counters":[10,34],"Gambling Chip":[4],"MawBank":120,"obtain_stats":[{"Regal Pillow":9,"NeowsBlessing":0,"Gambling Chip":14,"MawBank":6,"Ring of the Snake":0},{"Regal Pillow":4,"NeowsBlessing":0,"Gambling Chip":9,"MawBank":2,"Ring of the Snake":0},{"Regal Pillow":7,"NeowsBlessing":0,"Gambling Chip":26,"MawBank":2,"Ring of the Snake":0}],"Ring of the Snake":[20]},"card_choices":[{"not_picked":["Bane","Blur"],"picked":"Finisher","floor":1},{"not_picked":["Backflip","Masterful Stab"],"picked":"Terror","floor":6},{"not_picked":["Distraction","PiercingWail"],"picked":"Calculated Gamble","floor":7},{"not_picked":["Choke","Catalyst","Outmaneuver"],"picked":"SKIP","floor":8},{"not_picked":["Flying Knee","Caltrops","Acrobatics"],"picked":"SKIP","floor":10},{"not_picked":["Well Laid Plans","Expertise"],"picked":"Slice","floor":11},{"not_picked":["Prepared","Infinite Blades"],"picked":"Dagger Spray","floor":12},{"not_picked":["Sucker Punch","Accuracy"],"picked":"Backflip","floor":13},{"not_picked":["Backflip","Storm of Steel"],"picked":"Backstab","floor":14}],"player_experience":870874,"relics_obtained":[{"floor":6,"key":"MawBank"},{"floor":9,"key":"Regal Pillow"},{"floor":14,"key":"Gambling Chip"}],"event_choices":[{"cards_removed":["Defend_G"],"damage_healed":0,"gold_gain":0,"player_choice":"Card Removal","damage_taken":7,"max_hp_gain":0,"max_hp_loss":0,"event_name":"Golden Wing","floor":3,"gold_loss":0},{"damage_healed":0,"gold_gain":0,"player_choice":"Donut","damage_taken":0,"max_hp_gain":5,"max_hp_loss":0,"event_name":"Big Fish","floor":4,"gold_loss":0},{"damage_healed":0,"gold_gain":0,"player_choice":"Got Potions","damage_taken":0,"max_hp_gain":0,"max_hp_loss":0,"event_name":"Lab","floor":5,"gold_loss":0}],"is_beta":false,"boss_relics":[],"items_purged_floors":[2],"is_endless":false,"potions_floor_spawned":[6,7,8,11,14],"killed_by":"Slime Boss","ascension_level":20}