{"gold_per_floor":[367,367,193,204,224,251,26,26,26,58,68,143,193,219,219,219],"floor_reached":16,"playtime":333,"items_purged":["Writhe","Strike_R"],"score":286,"play_id":"eda3069f-06a3-42eb-b192-d8639b931810","local_time":"20241116154403","is_ascension_mode":true,"campfire_choices":[{"floor":8,"key":"REST"},{"data":"Fire Breathing","floor":15,"key":"SMITH"}],"neow_cost":"CURSE","seed_source_timestamp":10640884638800,"circlet_count":0,"master_deck":["AscendersBane","Strike_R","Strike_R","Strike_R","Strike_R","Defend_R","Defend_R","Defend_R+1","Defend_R","Bash+1","Anger","Fire Breathing+1","Headbutt","Blood for Blood","Hemokinesis","Reaper","Shrug It Off"],"relics":["Burning Blood","Blood Vial","Sundial","Toy Ornithopter"],"potions_floor_usage":[6,6,14],"damage_taken":[{"damage":12,"enemies":"Cultist","floor":1,"turns":5},{"damage":9,"enemies":"2 Louse","floor":4,"turns":3},{"damage":1,"enemies":"Small Slimes","floor":5,"turns":4},{"damage":14,"enemies":"Lagavulin","floor":6,"turns":6},{"damage":16,"enemies":"3 Sentries","floor":10,"turns":6},{"damage":18,"enemies":"Exordium Thugs","floor":11,"turns":4},{"damage":2,"enemies":"Gremlin Nob","floor":14,"turns":2},{"damage":43,"enemies":"Hexaghost","floor":16,"turns":9}],"seed_played":"-7863026685429299129","potions_obtained":[{"floor":4,"key":"FearPotion"}],"is_trial":false,"path_per_floor":["M","?","$","M","M","E","$","R","T","E","M","?","?","E","R","B"],"character_chosen":"IRONCLAD","basemod:card_modifiers":[null,null,null,null,null,null,null,null,null,null,null,null,null,null,null,null,null],"items_purchased":["Fire Breathing","BlessingOfTheForge","Hemokinesis","DistilledChaos"],"campfire_rested":1,"item_purchase_floors":[3,3,7,7],"current_hp_per_floor":[62,39,39,36,41,33,33,55,55,47,37,26,26,32,32,0],"gold":219,"neow_bonus":"TWO_FIFTY_GOLD","is_prod":false,"is_daily":false,"chose_seed":false,"campfire_upgraded":1,"win_rate":0,"timestamp":1731739443,"path_taken":["M","?","$","M","M","E","$","R","T","E","M","?","?","E","R","BOSS"],"build_version":"2022-12-18","purchased_purges":2,"victory":false,"max_hp_per_floor":[75,75,75,75,75,75,75,75,75,75,75,75,75,75,75,75],"relic_stats":{"Blood Vial":8,"counters":[8,39],"Sundial":[2],"obtain_stats":[{"Blood Vial":6,"Sundial":10,"Burning Blood":0,"Toy Ornithopter":14},{"Blood Vial":4,"Sundial":5,"Burning Blood":0,"Toy Ornithopter":7},{"Blood Vial":18,"Sundial":24,"Burning Blood":0,"Toy Ornithopter":30}],"Burning Blood":42,"Toy Ornithopter":0},"card_choices":[{"not_picked":["Searing Blow","Body Slam"],"picked":"Anger","floor":1},{"not_picked":["Heavy Blade","Clothesline"],"picked":"Headbutt","floor":4},{"not_picked":["Pommel Strike","Exhume"],"picked":"Blood for Blood","floor":5},{"not_picked":["Uppercut","Dark Embrace","Rampage"],"picked":"SKIP","floor":6},{"not_picked":["Flex","Limit Break"],"picked":"Reaper","floor":10},{"not_picked":["Shockwave","Hemokinesis","Searing Blow"],"picked":"SKIP","floor":11},{"not_picked":["True Grit","Intimidate"],"picked":"Shrug It Off","floor":14}],"player_experience":890042,"relics_obtained":[{"floor":6,"key":"Blood Vial"},{"floor":10,"key":"Sundial"},{"floor":14,"key":"Toy Ornithopter"}],"event_choices":[{"damage_healed":0,"gold_gain":0,"player_choice":"Entered Light","damage_taken":23,"max_hp_gain":0,"max_hp_loss":0,"event_name":"Shining Light","floor":2,"gold_loss":0,"cards_upgraded":["Bash","Defend_R"]},{"damage_healed":0,"gold_gain":75,"player_choice":"Gather Gold","damage_taken":11,"max_hp_gain":0,"max_hp_loss":0,"event_name":"World of Goop","floor":12,"gold_loss":0},{"damage_healed":0,"gold_gain":50,"player_choice":"Pray","damage_taken":0,"max_hp_gain":0,"max_hp_loss":0,"event_name":"Golden Shrine","floor":13,"gold_loss":0}],"is_beta":false,"boss_relics":[],"items_purged_floors":[3,7],"is_endless":false,"potions_floor_spawned":[4],"killed_by":"Hexaghost","ascension_level":20}