{"gold_per_floor":[115,125,137,137,154,154,190,190,217,242,268,297,297,330,330,330],"floor_reached":16,"playtime":335,"items_purged":[],"score":244,"play_id":"1a3e86c8-5b02-4ffd-bd68-0339105eeb51","local_time":"20241116165319","is_ascension_mode":true,"campfire_choices":[{"data":"Bouncing Flask","floor":6.0,"key":"SMITH"},{"floor":8.0,"key":"REST"},{"data":"Acrobatics","floor":13.0,"key":"SMITH"},{"data":"Glass Knife","floor":15.0,"key":"SMITH"}],"neow_cost":"NONE","seed_source_timestamp":14769287492000,"circlet_count":0,"master_deck":["AscendersBane","Strike_G","Strike_G","Strike_G","Strike_G","Defend_G","Defend_G","Defend_G","Defend_G","Defend_G","Survivor","Neutralize+1","Dash","Dagger Spray","Bouncing Flask+1","Dagger Throw","Glass Knife+1","Acrobatics+1"],"special_seed":0,"relics":["Ring of the Snake","CeramicFish","PreservedInsect","Akabeko","Anchor"],"potions_floor_usage":[16],"damage_taken":[{"damage":0.0,"enemies":"Cultist","floor":1.0,"turns":5.0},{"damage":2.0,"enemies":"Jaw Worm","floor":2.0,"turns":5.0},{"damage":0.0,"enemies":"2 Louse","floor":3.0,"turns":4.0},{"damage":11.0,"enemies":"Exordium Wildlife","floor":5.0,"turns":6.0},{"damage":18.0,"enemies":"Gremlin Nob","floor":7.0,"turns":4.0},{"damage":2.0,"enemies":"3 Sentries","floor":10.0,"turns":6.0},{"damage":0.0,"enemies":"3 Louse","floor":11.0,"turns":1.0},{"damage":0.0,"enemies":"Large Slime","floor":12.0,"turns":3.0},{"damage":15.0,"enemies":"Lagavulin","floor":14.0,"turns":4.0},{"damage":31,"enemies":"Slime Boss","floor":16,"turns":7}],"seed_played":"2388172484352270744","potions_obtained":[{"floor":1.0,"key":"SneckoOil"},{"floor":3.0,"key":"FearPotion"}],"is_trial":false,"path_per_floor":["M","M","M","?","M","R","E","R","T","E","M","M","R","E","R","B"],"character_chosen":"THE_SILENT","basemod:card_modifiers":[null,null,null,null,null,null,null,null,null,null,null,null,null,null,null,null,null,null],"items_purchased":[],"campfire_rested":1,"item_purchase_floors":[],"current_hp_per_floor":[59,57,57,57,46,46,28,47,47,45,45,45,45,30,30,0],"gold":330,"neow_bonus":"UPGRADE_CARD","is_prod":false,"is_daily":false,"chose_seed":false,"campfire_upgraded":3,"win_rate":0,"timestamp":1731743599,"path_taken":["M","M","M","?","?","R","E","R","T","E","M","M","R","E","R","BOSS"],"build_version":"2022-12-18","purchased_purges":0,"victory":false,"max_hp_per_floor":[66,66,66,66,66,66,66,66,66,66,66,66,66,66,66,66],"relic_stats":{"counters":[10,45],"CeramicFish":27,"PreservedInsect":60,"obtain_stats":[{"Anchor":14,"CeramicFish":7,"PreservedInsect":9,"Akabeko":10,"Ring of the Snake":0},{"Anchor":9,"CeramicFish":5,"PreservedInsect":5,"Akabeko":6,"Ring of the Snake":0},{"Anchor":38,"CeramicFish":24,"PreservedInsect":24,"Akabeko":30,"Ring of the Snake":0}],"Ring of the Snake":[20]},"card_choices":[{"not_picked":["Footwork","Deadly Poison"],"picked":"Dash","floor":1.0},{"not_picked":["Underhanded Strike","Dodge and Roll","Backflip"],"picked":"SKIP","floor":2.0},{"not_picked":["Outmaneuver","Deadly Poison"],"picked":"Dagger Spray","floor":3.0},{"not_picked":["PiercingWail","Crippling Poison"],"picked":"Bouncing Flask","floor":5.0},{"not_picked":["Deadly Poison","Cloak And Dagger"],"picked":"Dagger Throw","floor":7.0},{"not_picked":["Distraction","Accuracy","Quick Slash"],"picked":"SKIP","floor":10.0},{"not_picked":["Flying Knee","Underhanded Strike"],"picked":"Glass Knife","floor":11.0},{"not_picked":["Deadly Poison","Crippling Poison"],"picked":"Acrobatics","floor":12.0},{"not_picked":["Envenom","Quick Slash","Choke"],"picked":"SKIP","floor":14.0}],"player_experience":893916,"relics_obtained":[{"floor":7.0,"key":"CeramicFish"},{"floor":9.0,"key":"PreservedInsect"},{"floor":10.0,"key":"Akabeko"},{"floor":14.0,"key":"Anchor"}],"event_choices":[{"cards_removed":["Strike_G"],"damage_healed":0.0,"max_hp_gain":0.0,"max_hp_loss":0.0,"gold_gain":0.0,"event_name":"Bonfire Elementals","player_choice":"Offered Basic","floor":4.0,"gold_loss":0.0,"damage_taken":0.0}],"is_beta":false,"boss_relics":[],"items_purged_floors":[],"is_endless":false,"potions_floor_spawned":[1,3],"killed_by":"Slime Boss","ascension_level":20}