{"gold_per_floor":[119,132,148,148,167,167,229,229,252,277,294,294,294,59,59,150,150,163,176,176,226,30,30],"floor_reached":23,"playtime":461,"items_purged":["Strike_G","Strike_G"],"score":378,"play_id":"b332cabc-8353-45b4-8cb1-384686e8679f","local_time":"20241114201628","is_ascension_mode":true,"campfire_choices":[{"data":"Dagger Spray","floor":6.0,"key":"SMITH"},{"data":"Poisoned Stab","floor":8.0,"key":"SMITH"},{"floor":12.0,"key":"REST"},{"data":"Apotheosis","floor":15.0,"key":"SMITH"}],"neow_cost":"NONE","seed_source_timestamp":12400710369900,"circlet_count":0,"master_deck":["AscendersBane","Strike_G","Defend_G","Defend_G","Defend_G","Defend_G","Defend_G","Survivor","Neutralize","Dagger Spray+1","Poisoned Stab+1","Die Die Die","Eviscerate","Tools of the Trade","Apotheosis+1","Malaise","Backflip","Footwork"],"special_seed":0,"relics":["Ring of the Snake","NeowsBlessing","Smiling Mask","Boot","Singing Bowl","Golden Idol","Black Star"],"potions_floor_usage":[23,23],"damage_taken":[{"damage":0.0,"enemies":"Small Slimes","floor":1.0,"turns":1.0},{"damage":0.0,"enemies":"Jaw Worm","floor":2.0,"turns":1.0},{"damage":0.0,"enemies":"Cultist","floor":3.0,"turns":1.0},{"damage":0.0,"enemies":"Red Slaver","floor":5.0,"turns":4.0},{"damage":14.0,"enemies":"Gremlin Nob","floor":7.0,"turns":4.0},{"damage":6.0,"enemies":"Gremlin Nob","floor":10.0,"turns":3.0},{"damage":24.0,"enemies":"Large Slime","floor":11.0,"turns":6.0},{"damage":9.0,"enemies":"Slime Boss","floor":16.0,"turns":8.0},{"damage":15.0,"enemies":"2 Thieves","floor":18.0,"turns":5.0},{"damage":16.0,"enemies":"Shell Parasite","floor":19.0,"turns":7.0},{"damage":0,"enemies":"Slavers","floor":23,"turns":1}],"seed_played":"1976039068734682177","potions_obtained":[{"floor":2.0,"key":"SpeedPotion"},{"floor":3.0,"key":"GamblersBrew"},{"floor":5.0,"key":"Block Potion"},{"floor":10.0,"key":"Fire Potion"},{"floor":18.0,"key":"Swift Potion"}],"is_trial":false,"path_per_floor":["M","M","M","?","M","R","?","R","T","E","M","R","?","$","R","B",null,"M","M","?","?","$","E"],"character_chosen":"THE_SILENT","basemod:card_modifiers":[null,null,null,null,null,null,null,null,null,null,null,null,null,null,null,null,null,null],"items_purchased":["Apotheosis","Footwork","SteroidPotion"],"campfire_rested":1,"item_purchase_floors":[14,22,22],"current_hp_per_floor":[59,59,59,59,59,59,45,45,45,39,17,37,37,37,37,28,54,41,25,25,19,19,19],"gold":30,"neow_bonus":"THREE_ENEMY_KILL","is_prod":false,"is_daily":false,"chose_seed":false,"campfire_upgraded":3,"win_rate":0,"timestamp":1731582988,"path_taken":["M","M","M","?","M","R","?","R","T","E","M","R","?","$","R","BOSS","M","M","?","?","$","E"],"build_version":"2022-12-18","purchased_purges":2,"victory":false,"max_hp_per_floor":[66,66,66,66,66,66,66,66,66,66,68,68,62,62,62,62,62,64,64,64,64,64,64],"relic_stats":{"Singing Bowl":4,"counters":[11,41],"Golden Idol":24,"Black Star":0,"Smiling Mask":75,"Boot":[18],"obtain_stats":[{"NeowsBlessing":0,"Singing Bowl":10,"Golden Idol":13,"Black Star":17,"Smiling Mask":7,"Boot":9,"Ring of the Snake":0},{"NeowsBlessing":0,"Singing Bowl":6,"Golden Idol":7,"Black Star":8,"Smiling Mask":4,"Boot":5,"Ring of the Snake":0},{"NeowsBlessing":0,"Singing Bowl":14,"Golden Idol":20,"Black Star":28,"Smiling Mask":7,"Boot":11,"Ring of the Snake":0}],"Ring of the Snake":[22]},"card_choices":[{"not_picked":["Cloak And Dagger","Sucker Punch","Concentrate"],"picked":"SKIP","floor":1.0},{"not_picked":["Poisoned Stab","Deflect"],"picked":"Dagger Spray","floor":2.0},{"not_picked":["PiercingWail","Cloak And Dagger"],"picked":"Poisoned Stab","floor":3.0},{"not_picked":["Dodge and Roll","Infinite Blades"],"picked":"Die Die Die","floor":5.0},{"not_picked":["Cloak And Dagger","PiercingWail"],"picked":"Eviscerate","floor":7.0},{"not_picked":["Slice","Deflect"],"picked":"Tools of the Trade","floor":10.0},{"not_picked":["Choke","Dodge and Roll","Dagger Spray"],"picked":"Singing Bowl","floor":11.0},{"not_picked":["Night Terror","Bullet Time"],"picked":"Malaise","floor":16.0},{"not_picked":["Heel Hook+1","Deflect","Quick Slash"],"picked":"Singing Bowl","floor":18.0},{"not_picked":["Slice","Cloak And Dagger"],"picked":"Backflip","floor":19.0}],"player_experience":874214,"relics_obtained":[{"floor":9.0,"key":"Boot"},{"floor":10.0,"key":"Singing Bowl"}],"event_choices":[{"cards_removed":["Strike_G"],"damage_healed":0.0,"max_hp_gain":0.0,"max_hp_loss":0.0,"gold_gain":0.0,"event_name":"Living Wall","player_choice":"Forget","floor":4.0,"gold_loss":0.0,"damage_taken":0.0},{"damage_healed":0.0,"max_hp_gain":0.0,"max_hp_loss":0.0,"gold_gain":0.0,"event_name":"Dead Adventurer","player_choice":"Searched \u00272\u0027 times","floor":7.0,"gold_loss":0.0,"damage_taken":0.0,"relics_obtained":["Smiling Mask"]},{"damage_healed":0.0,"max_hp_gain":0.0,"max_hp_loss":6.0,"gold_gain":0.0,"event_name":"Golden Idol","player_choice":"Lose Max HP","floor":13.0,"gold_loss":0.0,"damage_taken":0.0,"relics_obtained":["Golden Idol"]},{"cards_removed":["Strike_G"],"damage_healed":0.0,"max_hp_gain":0.0,"max_hp_loss":0.0,"gold_gain":0.0,"event_name":"Back to Basics","player_choice":"Elegance","floor":20.0,"gold_loss":0.0,"damage_taken":0.0},{"damage_healed":0,"gold_gain":50,"player_choice":"Touch","damage_taken":6,"max_hp_gain":0,"max_hp_loss":0,"event_name":"FaceTrader","floor":21,"gold_loss":0}],"is_beta":false,"boss_relics":[{"not_picked":["Velvet Choker","Cursed Key"],"picked":"Black Star"}],"items_purged_floors":[14,22],"is_endless":false,"potions_floor_spawned":[2,3,5,10,18],"killed_by":"Slavers","ascension_level":20}