{"gold_per_floor":[116,116,116,131,3,30,30,30,53,53,80,80,98,98,98,98],"floor_reached":16,"playtime":470,"items_purged":["Regret"],"score":212,"play_id":"a8a236f5-4e38-4ee4-a2bc-dd39bc1ec29a","local_time":"20241115215333","is_ascension_mode":true,"campfire_choices":[{"data":"Bouncing Flask","floor":10.0,"key":"SMITH"},{"data":"Dagger Throw","floor":12.0,"key":"SMITH"},{"floor":15,"key":"REST"}],"neow_cost":"CURSE","seed_source_timestamp":1782147016600,"circlet_count":0,"master_deck":["AscendersBane","Strike_G","Strike_G","Strike_G","Defend_G","Defend_G","Defend_G","Defend_G","Survivor","Neutralize","Malaise","Cloak And Dagger","Bouncing Flask+1","Underhanded Strike+1","Dagger Throw+1","Acrobatics"],"special_seed":0,"relics":["Ring of the Snake","Oddly Smooth Stone","Bronze Scales","Toy Ornithopter","Letter Opener"],"potions_floor_usage":[16],"damage_taken":[{"damage":8.0,"enemies":"Jaw Worm","floor":1.0,"turns":7.0},{"damage":2.0,"enemies":"Small Slimes","floor":4.0,"turns":3.0},{"damage":6.0,"enemies":"Lagavulin","floor":6.0,"turns":8.0},{"damage":29.0,"enemies":"Gremlin Nob","floor":11.0,"turns":4.0},{"damage":0.0,"enemies":"2 Louse","floor":13.0,"turns":2.0},{"damage":44,"enemies":"Slime Boss","floor":16,"turns":11}],"seed_played":"-135078604151763065","potions_obtained":[{"floor":4.0,"key":"Weak Potion"},{"floor":6.0,"key":"FearPotion"}],"is_trial":false,"path_per_floor":["M","?","?","M","$","E","?","?","T","R","E","R","M","?","R","B"],"character_chosen":"THE_SILENT","basemod:card_modifiers":[null,null,null,null,null,null,null,null,null,null,null,null,null,null,null,null],"items_purchased":["Dagger Throw"],"campfire_rested":1,"item_purchase_floors":[5],"current_hp_per_floor":[51,66,55,53,53,47,47,47,47,47,23,23,23,23,42,3],"gold":98,"neow_bonus":"TRANSFORM_TWO_CARDS","is_prod":false,"is_daily":false,"chose_seed":false,"campfire_upgraded":2,"win_rate":0,"timestamp":1731675213,"path_taken":["M","?","?","M","$","E","?","?","T","R","E","R","M","?","R","BOSS"],"build_version":"2022-12-18","purchased_purges":1,"victory":false,"max_hp_per_floor":[66,66,66,66,66,66,66,66,66,66,66,66,66,66,66,66],"relic_stats":{"counters":[6,35],"Bronze Scales":[24],"Letter Opener":[0],"obtain_stats":[{"Bronze Scales":6,"Oddly Smooth Stone":3,"Letter Opener":11,"Toy Ornithopter":9,"Ring of the Snake":0},{"Bronze Scales":3,"Oddly Smooth Stone":1,"Letter Opener":4,"Toy Ornithopter":3,"Ring of the Snake":0},{"Bronze Scales":18,"Oddly Smooth Stone":7,"Letter Opener":22,"Toy Ornithopter":18,"Ring of the Snake":0}],"Toy Ornithopter":10,"Ring of the Snake":[12]},"card_choices":[{"not_picked":["Catalyst","Distraction"],"picked":"Bouncing Flask","floor":1.0},{"not_picked":["Prepared","Heel Hook"],"picked":"Underhanded Strike","floor":4.0},{"not_picked":["Underhanded Strike","Burst","Malaise"],"picked":"SKIP","floor":6.0},{"not_picked":["Cloak And Dagger","Flechettes"],"picked":"Acrobatics","floor":11.0},{"not_picked":["Setup","Outmaneuver","Slice"],"picked":"SKIP","floor":13}],"player_experience":877459,"relics_obtained":[{"floor":6.0,"key":"Bronze Scales"},{"floor":9.0,"key":"Toy Ornithopter"},{"floor":11.0,"key":"Letter Opener"}],"event_choices":[{"damage_healed":22.0,"max_hp_gain":0.0,"max_hp_loss":0.0,"gold_gain":0.0,"event_name":"Big Fish","player_choice":"Banana","floor":2.0,"gold_loss":0.0,"damage_taken":0.0},{"damage_healed":0.0,"max_hp_gain":0.0,"max_hp_loss":0.0,"gold_gain":0.0,"event_name":"Scrap Ooze","player_choice":"Success","floor":3.0,"gold_loss":0.0,"damage_taken":11.0,"relics_obtained":["Oddly Smooth Stone"]},{"damage_healed":0.0,"max_hp_gain":0.0,"max_hp_loss":0.0,"gold_gain":0.0,"event_name":"Liars Game","player_choice":"Ignored","floor":7.0,"gold_loss":0.0,"damage_taken":0.0},{"cards_removed":["Strike_G"],"damage_healed":0.0,"max_hp_gain":0.0,"max_hp_loss":0.0,"gold_gain":0.0,"event_name":"Living Wall","player_choice":"Forget","floor":8.0,"gold_loss":0.0,"damage_taken":0.0},{"damage_healed":0,"gold_gain":0,"player_choice":"Forge","damage_taken":0,"max_hp_gain":0,"max_hp_loss":0,"event_name":"Accursed Blacksmith","floor":14,"gold_loss":0,"cards_upgraded":["Underhanded Strike"]}],"is_beta":false,"boss_relics":[],"items_purged_floors":[5],"is_endless":false,"potions_floor_spawned":[4,6],"killed_by":"Slime Boss","ascension_level":20}