{"gold_per_floor":[119,119,134,146,146,146,175,175,201,232,232,257,275,289,289,368,368,380,391,391,130,140,140,166,166,466,466,500,500,61,78,78,151,151,162,179,179],"floor_reached":37,"playtime":1236,"items_purged":["Defend_B","Defend_B"],"score":954,"play_id":"8b09ecbe-3908-4fa0-983f-72e6cc492599","local_time":"20241120211107","is_ascension_mode":true,"campfire_choices":[{"data":"Beam Cell","floor":6.0,"key":"SMITH"},{"data":"Biased Cognition","floor":8.0,"key":"SMITH"},{"floor":11,"key":"REST"},{"data":"Ball Lightning","floor":15,"key":"SMITH"},{"data":"Creative AI","floor":23,"key":"SMITH"},{"floor":25,"key":"REST"},{"floor":27,"key":"REST"},{"data":"Recycle","floor":32,"key":"SMITH"}],"neow_cost":"CURSE","seed_source_timestamp":31421340538600,"circlet_count":0,"master_deck":["AscendersBane","Strike_B","Strike_B","Strike_B","Defend_B","Zap","Dualcast","Biased Cognition+1","Cold Snap","Beam Cell+1","Sunder","Reinforced Body","Electrodynamics","Ball Lightning+1","Coolheaded","Creative AI+1","Coolheaded","Conserve Battery","Reprogram","Force Field","Panacea","Fission","Recycle+1","Skim","Skim+1","Biased Cognition","Compile Driver+1"],"special_seed":0,"relics":["Cracked Core","Oddly Smooth Stone","Bronze Scales","Pen Nib","Mummified Hand","Tiny Chest","Runic Pyramid","Singing Bowl","Old Coin","Girya","FaceOfCleric","Orrery","Anchor","SlaversCollar"],"potions_floor_usage":[14,16,24,37],"damage_taken":[{"damage":3.0,"enemies":"2 Louse","floor":1.0,"turns":2.0},{"damage":5.0,"enemies":"Small Slimes","floor":3.0,"turns":3.0},{"damage":0.0,"enemies":"Cultist","floor":4.0,"turns":3.0},{"damage":8.0,"enemies":"3 Sentries","floor":7.0,"turns":6.0},{"damage":23,"enemies":"Lagavulin","floor":10,"turns":5},{"damage":1,"enemies":"Gremlin Nob","floor":12,"turns":3},{"damage":0,"enemies":"Blue Slaver","floor":13,"turns":3},{"damage":1,"enemies":"3 Louse","floor":14,"turns":2},{"damage":13,"enemies":"Hexaghost","floor":16,"turns":6},{"damage":0,"enemies":"Chosen","floor":18,"turns":4},{"damage":16,"enemies":"3 Byrds","floor":19,"turns":2},{"damage":4,"enemies":"Cultist and Chosen","floor":22,"turns":5},{"damage":30,"enemies":"Slavers","floor":24,"turns":3},{"damage":26,"enemies":"Book of Stabbing","floor":28,"turns":5},{"damage":12,"enemies":"Centurion and Healer","floor":31,"turns":4},{"damage":0,"enemies":"Champ","floor":33,"turns":21},{"damage":2,"enemies":"Orb Walker","floor":35,"turns":5},{"damage":21,"enemies":"3 Darklings","floor":36,"turns":4},{"damage":61,"enemies":"Transient","floor":37,"turns":4}],"seed_played":"-5628810565090175086","potions_obtained":[{"floor":3.0,"key":"LiquidMemories"},{"floor":4.0,"key":"SpeedPotion"},{"floor":10,"key":"Dexterity Potion"},{"floor":14,"key":"LiquidBronze"},{"floor":16,"key":"PotionOfCapacity"},{"floor":28,"key":"EntropicBrew"},{"floor":33,"key":"GamblersBrew"},{"floor":36,"key":"SkillPotion"}],"is_trial":false,"path_per_floor":["M","?","M","M","?","R","E","R","T","E","R","E","M","M","R","B",null,"M","M","?","$","M","R","E","R","T","R","E","?","$","M","R","B",null,"M","M","M"],"character_chosen":"DEFECT","basemod:card_modifiers":[null,null,null,null,null,null,null,null,null,null,null,null,null,null,null,null,null,null,null,null,null,null,null,null,null,null,null],"items_purchased":["Force Field","Panacea","Orrery","Anchor"],"campfire_rested":3,"item_purchase_floors":[21,21,30,30],"current_hp_per_floor":[61,61,56,56,51,51,43,43,43,20,41,40,40,39,39,26,60,60,44,44,44,40,40,10,31,31,52,28,28,32,23,23,24,67,66,48,0],"gold":179,"neow_bonus":"THREE_RARE_CARDS","is_prod":false,"is_daily":false,"chose_seed":false,"campfire_upgraded":5,"win_rate":0,"timestamp":1732104667,"path_taken":["M","?","M","M","?","R","E","R","T","E","R","E","M","M","R","BOSS","M","M","?","$","M","R","E","R","T","R","E","?","$","M","R","BOSS","M","?","M"],"build_version":"2022-12-18","purchased_purges":2,"victory":false,"max_hp_per_floor":[71,71,71,71,71,71,71,71,71,71,71,71,71,71,71,71,71,71,71,71,71,71,71,71,71,71,71,73,73,77,80,80,81,81,82,85,85],"relic_stats":{"Girya":0,"Singing Bowl":10,"FaceOfCleric":4,"counters":[19,90],"Mummified Hand":[76],"Bronze Scales":[263],"Tiny Chest":0,"Pen Nib":[11],"obtain_stats":[{"Girya":28,"Singing Bowl":24,"Oddly Smooth Stone":5,"Pen Nib":9,"Old Coin":26,"SlaversCollar":34,"Anchor":30,"FaceOfCleric":29,"Mummified Hand":10,"Bronze Scales":7,"Orrery":30,"Tiny Chest":12,"Cracked Core":0,"Runic Pyramid":17},{"Girya":14,"Singing Bowl":13,"Oddly Smooth Stone":3,"Pen Nib":4,"Old Coin":13,"SlaversCollar":16,"Anchor":14,"FaceOfCleric":14,"Mummified Hand":5,"Bronze Scales":4,"Orrery":14,"Tiny Chest":6,"Cracked Core":0,"Runic Pyramid":9},{"Girya":52,"Singing Bowl":47,"Oddly Smooth Stone":8,"Pen Nib":14,"Old Coin":47,"SlaversCollar":77,"Anchor":52,"FaceOfCleric":52,"Mummified Hand":19,"Bronze Scales":14,"Orrery":52,"Tiny Chest":22,"Cracked Core":0,"Runic Pyramid":33}]},"card_choices":[{"not_picked":["Buffer","Hyperbeam"],"picked":"Biased Cognition","floor":0.0},{"not_picked":["Consume","Gash"],"picked":"Cold Snap","floor":1.0},{"not_picked":["Turbo","Conserve Battery"],"picked":"Beam Cell","floor":3.0},{"not_picked":["Stack","Consume"],"picked":"Sunder","floor":4.0},{"not_picked":["Heatsinks","Leap"],"picked":"Reinforced Body","floor":7.0},{"not_picked":["Storm","Self Repair"],"picked":"Electrodynamics","floor":10},{"not_picked":["Auto Shields","Coolheaded"],"picked":"Ball Lightning","floor":12},{"not_picked":["Melter","Turbo","Beam Cell"],"picked":"SKIP","floor":13},{"not_picked":["Redo","Buffer"],"picked":"Coolheaded","floor":14},{"not_picked":["Electrodynamics","Reboot"],"picked":"Creative AI","floor":16},{"not_picked":["Streamline","Barrage"],"picked":"Coolheaded","floor":18},{"not_picked":["Compile Driver","Barrage","Steam"],"picked":"SKIP","floor":19},{"not_picked":["Leap","Rebound","Cold Snap"],"picked":"SKIP","floor":22},{"not_picked":["Reprogram","Defragment"],"picked":"Fission","floor":24},{"not_picked":["Sweeping Beam","Stack","Rebound"],"picked":"Singing Bowl","floor":28},{"not_picked":["Darkness+1","Turbo"],"picked":"Recycle","floor":30},{"not_picked":["Streamline","Consume"],"picked":"Skim","floor":30},{"not_picked":["Reprogram","Sunder"],"picked":"Skim+1","floor":30},{"not_picked":["Hello World","Stack+1","Electrodynamics"],"picked":"Singing Bowl","floor":30},{"not_picked":["Streamline+1","Turbo","Conserve Battery"],"picked":"Singing Bowl","floor":30},{"not_picked":["Leap","Coolheaded","Reprogram"],"picked":"Singing Bowl","floor":31},{"not_picked":["Hyperbeam","Electrodynamics"],"picked":"Biased Cognition","floor":33},{"not_picked":["Coolheaded","Conserve Battery"],"picked":"Compile Driver+1","floor":35},{"not_picked":["Tempest","Cold Snap","Beam Cell+1"],"picked":"Singing Bowl","floor":36}],"player_experience":899555,"relics_obtained":[{"floor":7.0,"key":"Bronze Scales"},{"floor":9.0,"key":"Pen Nib"},{"floor":10,"key":"Mummified Hand"},{"floor":12,"key":"Tiny Chest"},{"floor":24,"key":"Singing Bowl"},{"floor":26,"key":"Old Coin"},{"floor":28,"key":"Girya"}],"event_choices":[{"cards_removed":["Shame"],"damage_healed":0.0,"max_hp_gain":0.0,"max_hp_loss":0.0,"gold_gain":0.0,"event_name":"Living Wall","player_choice":"Forget","floor":2.0,"gold_loss":0.0,"damage_taken":0.0},{"damage_healed":0.0,"max_hp_gain":0.0,"max_hp_loss":0.0,"gold_gain":0.0,"event_name":"Scrap Ooze","player_choice":"Success","floor":5.0,"gold_loss":0.0,"damage_taken":5.0,"relics_obtained":["Oddly Smooth Stone"]},{"damage_healed":0,"gold_gain":0,"cards_transformed":["Defend_B","Strike_B"],"player_choice":"Became Test Subject","damage_taken":0,"max_hp_gain":0,"max_hp_loss":0,"event_name":"Drug Dealer","floor":20,"gold_loss":0,"cards_obtained":["Conserve Battery","Reprogram"]},{"damage_healed":0,"gold_gain":0,"player_choice":"Trade","damage_taken":0,"relics_obtained":["FaceOfCleric"],"max_hp_gain":0,"max_hp_loss":0,"event_name":"FaceTrader","floor":29,"gold_loss":0}],"is_beta":false,"boss_relics":[{"not_picked":["FrozenCore","Empty Cage"],"picked":"Runic Pyramid"},{"not_picked":["Tiny House","SacredBark"],"picked":"SlaversCollar"}],"items_purged_floors":[21,30],"is_endless":false,"potions_floor_spawned":[3,4,10,14,16,18,22,28,33,35,36],"killed_by":"Transient","ascension_level":20}