{"gold_per_floor":[114,114,124,135,147,147,163,183,183,183],"floor_reached":10,"playtime":182,"items_purged":[],"score":124,"play_id":"8ea4922b-abd7-4ea0-86db-a09f2de8a7c4","local_time":"20241121191440","is_ascension_mode":true,"campfire_choices":[{"data":"Barrage","floor":6,"key":"SMITH"}],"neow_cost":"NONE","seed_source_timestamp":3675301769500,"circlet_count":0,"master_deck":["AscendersBane","Strike_B","Strike_B","Strike_B","Defend_B","Defend_B","Defend_B","Defend_B","Zap","Dualcast","Ball Lightning","Barrage+1","Hologram","Go for the Eyes","Loop"],"relics":["Cracked Core","NeowsBlessing","Eternal Feather"],"potions_floor_usage":[7],"damage_taken":[{"damage":0,"enemies":"Small Slimes","floor":1,"turns":1},{"damage":0,"enemies":"Cultist","floor":3,"turns":1},{"damage":0,"enemies":"2 Louse","floor":4,"turns":1},{"damage":5,"enemies":"2 Fungi Beasts","floor":5,"turns":3},{"damage":21,"enemies":"Lots of Slimes","floor":7,"turns":5},{"damage":25,"enemies":"Gremlin Gang","floor":8,"turns":5},{"damage":36,"enemies":"Gremlin Nob","floor":10,"turns":3}],"seed_played":"3391662144635939210","potions_obtained":[{"floor":3,"key":"LiquidBronze"}],"is_trial":false,"path_per_floor":["M","?","M","M","M","R","M","M","T","E"],"character_chosen":"DEFECT","basemod:card_modifiers":[null,null,null,null,null,null,null,null,null,null,null,null,null,null,null],"items_purchased":[],"campfire_rested":0,"item_purchase_floors":[],"current_hp_per_floor":[64,64,64,64,59,59,44,19,19,0],"gold":183,"neow_bonus":"THREE_ENEMY_KILL","is_prod":false,"is_daily":false,"chose_seed":false,"campfire_upgraded":1,"win_rate":0,"timestamp":1732184080,"path_taken":["M","?","M","M","M","R","M","M","T","E"],"build_version":"2022-12-18","purchased_purges":0,"victory":false,"max_hp_per_floor":[71,71,71,71,71,71,71,71,71,71],"relic_stats":{"counters":[7,19],"Eternal Feather":0,"obtain_stats":[{"NeowsBlessing":0,"Eternal Feather":9,"Cracked Core":0},{"NeowsBlessing":0,"Eternal Feather":6,"Cracked Core":0},{"NeowsBlessing":0,"Eternal Feather":16,"Cracked Core":0}]},"card_choices":[{"not_picked":["Stack","Rebound"],"picked":"Ball Lightning","floor":1},{"not_picked":["White Noise","Leap"],"picked":"Barrage","floor":3},{"not_picked":["Streamline","Static Discharge"],"picked":"Hologram","floor":4},{"not_picked":["Double Energy","Gash","Stack"],"picked":"SKIP","floor":5},{"not_picked":["Blizzard","Double Energy"],"picked":"Go for the Eyes","floor":7},{"not_picked":["Creative AI","Barrage"],"picked":"Loop","floor":8}],"player_experience":909626,"relics_obtained":[{"floor":9,"key":"Eternal Feather"}],"event_choices":[{"cards_removed":["Strike_B"],"damage_healed":0,"gold_gain":0,"player_choice":"Offered Basic","damage_taken":0,"max_hp_gain":0,"max_hp_loss":0,"event_name":"Bonfire Elementals","floor":2,"gold_loss":0}],"is_beta":false,"boss_relics":[],"items_purged_floors":[],"is_endless":false,"potions_floor_spawned":[3],"killed_by":"Gremlin Nob","ascension_level":20}